<!DOCTYPE html>
<meta charset="utf-8" />
<!-- version 1 -->
<title>OU replay: JsKingBoo vs. Zepereira</title>
<style>
html,body {font-family:Verdana, sans-serif;font-size:10pt;margin:0;padding:0;}body{padding:12px 0;} .battle-log {font-family:Verdana, sans-serif;font-size:10pt;} .battle-log-inline {border:1px solid #AAAAAA;background:#EEF2F5;color:black;max-width:640px;margin:0 auto 80px;padding-bottom:5px;} .battle-log .inner {padding:4px 8px 0px 8px;} .battle-log .inner-preempt {padding:0 8px 4px 8px;} .battle-log .inner-after {margin-top:0.5em;} .battle-log h2 {margin:0.5em -8px;padding:4px 8px;border:1px solid #AAAAAA;background:#E0E7EA;border-left:0;border-right:0;font-family:Verdana, sans-serif;font-size:13pt;} .battle-log .chat {vertical-align:middle;padding:3px 0 3px 0;font-size:8pt;} .battle-log .chat strong {color:#40576A;} .battle-log .chat em {padding:1px 4px 1px 3px;color:#000000;font-style:normal;} .chat.mine {background:rgba(0,0,0,0.05);margin-left:-8px;margin-right:-8px;padding-left:8px;padding-right:8px;} .spoiler {color:#BBBBBB;background:#BBBBBB;padding:0px 3px;} .spoiler:hover, .spoiler:active, .spoiler-shown {color:#000000;background:#E2E2E2;padding:0px 3px;} .spoiler a {color:#BBBBBB;} .spoiler:hover a, .spoiler:active a, .spoiler-shown a {color:#2288CC;} .chat code, .chat .spoiler:hover code, .chat .spoiler:active code, .chat .spoiler-shown code {border:1px solid #C0C0C0;background:#EEEEEE;color:black;padding:0 2px;} .chat .spoiler code {border:1px solid #CCCCCC;background:#CCCCCC;color:#CCCCCC;} .battle-log .rated {padding:3px 4px;} .battle-log .rated strong {color:white;background:#89A;padding:1px 4px;border-radius:4px;} .spacer {margin-top:0.5em;} .message-announce {background:#6688AA;color:white;padding:1px 4px 2px;} .message-announce a, .broadcast-green a, .broadcast-blue a, .broadcast-red a {color:#DDEEFF;} .broadcast-green {background-color:#559955;color:white;padding:2px 4px;} .broadcast-blue {background-color:#6688AA;color:white;padding:2px 4px;} .infobox {border:1px solid #6688AA;padding:2px 4px;} .infobox-limited {max-height:200px;overflow:auto;overflow-x:hidden;} .broadcast-red {background-color:#AA5544;color:white;padding:2px 4px;} .message-learn-canlearn {font-weight:bold;color:#228822;text-decoration:underline;} .message-learn-cannotlearn {font-weight:bold;color:#CC2222;text-decoration:underline;} .message-effect-weak {font-weight:bold;color:#CC2222;} .message-effect-resist {font-weight:bold;color:#6688AA;} .message-effect-immune {font-weight:bold;color:#666666;} .message-learn-list {margin-top:0;margin-bottom:0;} .message-throttle-notice, .message-error {color:#992222;} .message-overflow, .chat small.message-overflow {font-size:0pt;} .message-overflow::before {font-size:9pt;content:'...';} .subtle {color:#3A4A66;}
</style>
<div class="wrapper replay-wrapper" style="max-width:1180px;margin:0 auto">
<input type="hidden" name="replayid" value="ou-335429944" />
<div class="battle"></div><div class="battle-log"></div><div class="replay-controls"></div><div class="replay-controls-2"></div>
<h1 style="font-weight:normal;text-align:center"><strong>OU</strong><br /><a href="http://pokemonshowdown.com/users/jskingboo" class="subtle" target="_blank">JsKingBoo</a> vs. <a href="http://pokemonshowdown.com/users/zepereira" class="subtle" target="_blank">Zepereira</a></h1>
<script type="text/plain" class="battle-log-data">|j|JsKingBoo

|j|Zepereira



|player|p1|JsKingBoo|2


|player|p2|Zepereira|30
|gametype|singles
|gen|6
|tier|OU
|rated
|seed|
|clearpoke
|poke|p1|Azumarill, M|item
|poke|p1|Quagsire, M|item
|poke|p1|Chansey, F|item
|poke|p1|Sableye, M|item
|poke|p1|Skarmory, M|item
|poke|p1|Suicune|item
|poke|p2|Vaporeon, M|item
|poke|p2|Sableye, M|item
|poke|p2|Mew|item
|poke|p2|Shedinja|item
|poke|p2|Talonflame, M|item
|poke|p2|Dugtrio, F|item
|rule|Swagger Clause: Swagger is banned
|rule|Baton Pass Clause: Limit one Baton Passer, can't pass Spe and other stats simultaneously
|rule|Sleep Clause Mod: Limit one foe put to sleep
|rule|Species Clause: Limit one of each Pokémon
|rule|OHKO Clause: OHKO moves are banned
|rule|Moody Clause: Moody is banned
|rule|Evasion Moves Clause: Evasion moves are banned
|rule|Endless Battle Clause: Forcing endless battles is banned
|rule|HP Percentage Mod: HP is shown in percentages
|teampreview


|choice|team 4|
|
|start
|switch|p1a: Sableye|Sableye, M|303\/303
|switch|p2a: Sableye|Sableye, M|100\/100
|turn|1


|choice|move 2 mega|
|
|detailschange|p1a: Sableye|Sableye-Mega, M
|-mega|p1a: Sableye|Sableye|Sablenite
|detailschange|p2a: Sableye|Sableye-Mega, M
|-mega|p2a: Sableye|Sableye|Sablenite
|move|p1a: Sableye|Fake Out|p2a: Sableye
|-immune|p2a: Sableye|[msg]
|move|p2a: Sableye|Calm Mind|p2a: Sableye
|-boost|p2a: Sableye|spa|1
|-boost|p2a: Sableye|spd|1
|
|turn|2


|choice|switch 6|
|
|switch|p2a: Mew|Mew|100\/100
|switch|p1a: Suicune|Suicune|404\/404
|-ability|p1a: Suicune|Pressure
|
|turn|3


|choice|switch 6|
|
|switch|p1a: Sableye|Sableye-Mega, M|303\/303
|move|p2a: Mew|Knock Off|p1a: Sableye
|-damage|p1a: Sableye|267\/303
|
|turn|4


|choice|move 2|
|
|switch|p2a: Sableye|Sableye-Mega, M|100\/100
|move|p1a: Sableye|Fake Out|p2a: Sableye
|-immune|p2a: Sableye|[msg]
|
|turn|5


|choice|switch 6|
|
|switch|p1a: Suicune|Suicune|404\/404
|-ability|p1a: Suicune|Pressure
|move|p2a: Sableye|Calm Mind|p2a: Sableye
|-boost|p2a: Sableye|spa|1
|-boost|p2a: Sableye|spd|1
|
|turn|6


|choice|move 2|
|
|switch|p2a: Mew|Mew|100\/100
|move|p1a: Suicune|Calm Mind|p1a: Suicune
|-boost|p1a: Suicune|spa|1
|-boost|p1a: Suicune|spd|1
|
|turn|7


|choice|switch 6|
|
|switch|p1a: Sableye|Sableye-Mega, M|267\/303
|move|p2a: Mew|Knock Off|p1a: Sableye
|-damage|p1a: Sableye|230\/303
|
|turn|8


|choice|move 3|
|
|switch|p2a: Sableye|Sableye-Mega, M|100\/100
|move|p1a: Sableye|Knock Off|p2a: Sableye
|-damage|p2a: Sableye|86\/100
|
|turn|9


|choice|switch 6|
|
|switch|p1a: Suicune|Suicune|404\/404
|-ability|p1a: Suicune|Pressure
|switch|p2a: Talonflame|Talonflame, M|100\/100
|
|turn|10


|choice|move 1|
|
|switch|p2a: Shedinja|Shedinja|100\/100
|move|p1a: Suicune|Scald|p2a: Shedinja
|-activate|p2a: Shedinja|ability: Wonder Guard
|
|turn|11


|choice|switch 6|
|
|switch|p1a: Sableye|Sableye-Mega, M|230\/303
|move|p2a: Shedinja|Baton Pass|p2a: Shedinja


|choice||
|
|switch|p2a: Sableye|Sableye-Mega, M|86\/100
|
|turn|12


|choice|switch 6|
|
|switch|p1a: Suicune|Suicune|404\/404
|-ability|p1a: Suicune|Pressure
|move|p2a: Sableye|Calm Mind|p2a: Sableye
|-boost|p2a: Sableye|spa|1
|-boost|p2a: Sableye|spd|1
|
|turn|13


|choice|switch 6|
|
|switch|p1a: Sableye|Sableye-Mega, M|230\/303
|switch|p2a: Vaporeon|Vaporeon, M|100\/100
|
|turn|14


|choice|move 3|
|
|move|p2a: Vaporeon|Scald|p1a: Sableye
|-damage|p1a: Sableye|149\/303
|move|p1a: Sableye|Knock Off|p2a: Vaporeon
|-damage|p2a: Vaporeon|81\/100
|-enditem|p2a: Vaporeon|Leftovers|[from] move: Knock Off|[of] p1a: Sableye
|
|turn|15


|choice|move 4|
|
|move|p2a: Vaporeon|Scald|p1a: Sableye
|-damage|p1a: Sableye|68\/303
|-status|p1a: Sableye|brn
|move|p1a: Sableye|Recover|p1a: Sableye
|-heal|p1a: Sableye|220\/303 brn
|
|-damage|p1a: Sableye|183\/303 brn|[from] brn
|turn|16


|choice|move 4|
|
|switch|p2a: Dugtrio|Dugtrio, F|100\/100
|move|p1a: Sableye|Recover|p1a: Sableye
|-heal|p1a: Sableye|303\/303 brn
|
|-damage|p1a: Sableye|266\/303 brn|[from] brn
|turn|17


|choice|move 1|
|
|switch|p2a: Vaporeon|Vaporeon, M|81\/100
|move|p1a: Sableye|Will-O-Wisp|p2a: Vaporeon
|-status|p2a: Vaporeon|brn
|
|-damage|p2a: Vaporeon|68\/100 brn|[from] brn
|-damage|p1a: Sableye|229\/303 brn|[from] brn
|turn|18


|choice|switch 6|
|
|switch|p1a: Suicune|Suicune|404\/404
|-ability|p1a: Suicune|Pressure
|move|p2a: Vaporeon|Wish|p2a: Vaporeon
|
|-damage|p2a: Vaporeon|56\/100 brn|[from] brn
|turn|19


|choice|move 4|
|
|move|p2a: Vaporeon|Heal Bell|p2a: Vaporeon
|-cureteam|p2a: Vaporeon|[from] move: Heal Bell
|move|p1a: Suicune|Roar|p2a: Vaporeon
|drag|p2a: Mew|Mew|100\/100
|
|turn|20


|choice|switch 4|
|
|switch|p2a: Vaporeon|Vaporeon, M|56\/100
|switch|p1a: Azumarill|Azumarill, M|404\/404
|
|turn|21


|choice|move 2|
|
|move|p2a: Vaporeon|Wish|p2a: Vaporeon
|move|p1a: Azumarill|Toxic|p2a: Vaporeon
|-status|p2a: Vaporeon|tox
|
|-damage|p2a: Vaporeon|50\/100 tox|[from] psn
|turn|22


|choice|switch 5|
|
|switch|p1a: Skarmory|Skarmory, M|333\/333
|move|p2a: Vaporeon|Protect|p2a: Vaporeon
|-fail|p2a: Vaporeon
|
|-heal|p2a: Vaporeon|99\/100 tox|[from] move: Wish|[wisher] Vaporeon
|-damage|p2a: Vaporeon|87\/100 tox|[from] psn
|turn|23


|choice|switch 5|
|
|switch|p1a: Azumarill|Azumarill, M|404\/404
|switch|p2a: Sableye|Sableye-Mega, M|86\/100
|
|turn|24


|choice|switch 5|
|
|switch|p1a: Skarmory|Skarmory, M|333\/333
|switch|p2a: Mew|Mew|100\/100
|
|turn|25


|choice|switch 6|
|
|switch|p1a: Sableye|Sableye-Mega, M|229\/303 brn
|move|p2a: Mew|Knock Off|p1a: Sableye
|-damage|p1a: Sableye|192\/303 brn
|
|-damage|p1a: Sableye|155\/303 brn|[from] brn
|turn|26


|choice|move 4|
|
|switch|p2a: Talonflame|Talonflame, M|100\/100
|move|p1a: Sableye|Recover|p1a: Sableye
|-heal|p1a: Sableye|303\/303 brn
|
|-damage|p1a: Sableye|266\/303 brn|[from] brn
|turn|27


|choice|switch 4|
|
|switch|p2a: Sableye|Sableye-Mega, M|86\/100
|switch|p1a: Suicune|Suicune|404\/404
|-ability|p1a: Suicune|Pressure
|
|turn|28


|choice|switch 3|
|
|switch|p1a: Chansey|Chansey, F|703\/703
|switch|p2a: Vaporeon|Vaporeon, M|87\/100 tox
|
|-damage|p2a: Vaporeon|81\/100 tox|[from] psn
|turn|29


|choice|switch 6|
|
|switch|p1a: Skarmory|Skarmory, M|333\/333
|move|p2a: Vaporeon|Heal Bell|p2a: Vaporeon
|-cureteam|p2a: Vaporeon|[from] move: Heal Bell
|
|turn|30


|choice|switch 5|
|
|switch|p1a: Azumarill|Azumarill, M|404\/404
|switch|p2a: Sableye|Sableye-Mega, M|86\/100
|
|turn|31


|choice|switch 4|
|
|switch|p1a: Sableye|Sableye-Mega, M|266\/303 brn
|move|p2a: Sableye|Will-O-Wisp|p1a: Sableye
|move|p1a: Sableye|Will-O-Wisp|p2a: Sableye|[from]Magic Bounce
|-status|p2a: Sableye|brn
|
|-damage|p2a: Sableye|74\/100 brn|[from] brn
|-damage|p1a: Sableye|229\/303 brn|[from] brn
|turn|32


|choice|switch 6|
|
|switch|p2a: Vaporeon|Vaporeon, M|81\/100
|switch|p1a: Chansey|Chansey, F|703\/703
|
|turn|33


|choice|move 4|
|
|move|p2a: Vaporeon|Heal Bell|p2a: Vaporeon
|-cureteam|p2a: Vaporeon|[from] move: Heal Bell
|move|p1a: Chansey|Heal Bell|p1a: Chansey
|-cureteam|p1a: Chansey|[from] move: Heal Bell
|
|turn|34


|choice|switch 3|
|
|switch|p2a: Sableye|Sableye-Mega, M|74\/100
|switch|p1a: Suicune|Suicune|404\/404
|-ability|p1a: Suicune|Pressure
|
|turn|35


|choice|switch 6|
|
|switch|p1a: Sableye|Sableye-Mega, M|229\/303
|switch|p2a: Vaporeon|Vaporeon, M|81\/100
|
|turn|36


|choice|switch 6|
|
|switch|p2a: Sableye|Sableye-Mega, M|74\/100
|switch|p1a: Suicune|Suicune|404\/404
|-ability|p1a: Suicune|Pressure
|
|turn|37


|choice|switch 4|
|
|switch|p1a: Azumarill|Azumarill, M|404\/404
|switch|p2a: Shedinja|Shedinja|100\/100
|
|turn|38


|choice|move 2|
|
|switch|p2a: Sableye|Sableye-Mega, M|74\/100
|move|p1a: Azumarill|Toxic|p2a: Sableye
|move|p2a: Sableye|Toxic|p1a: Azumarill|[from]Magic Bounce|[miss]
|-miss|p2a: Sableye|p1a: Azumarill
|
|turn|39


|choice|switch 6|
|
|switch|p1a: Sableye|Sableye-Mega, M|229\/303
|switch|p2a: Mew|Mew|100\/100
|
|turn|40


|choice|move 3|
|
|switch|p2a: Sableye|Sableye-Mega, M|74\/100
|move|p1a: Sableye|Knock Off|p2a: Sableye
|-damage|p2a: Sableye|61\/100
|
|turn|41


|choice|switch 4|
|
|switch|p1a: Suicune|Suicune|404\/404
|-ability|p1a: Suicune|Pressure
|switch|p2a: Mew|Mew|100\/100
|
|turn|42


|choice|switch 4|
|
|switch|p1a: Sableye|Sableye-Mega, M|229\/303
|move|p2a: Mew|Knock Off|p1a: Sableye
|-crit|p1a: Sableye
|-damage|p1a: Sableye|176\/303
|
|turn|43


|choice|move 4|
|
|switch|p2a: Sableye|Sableye-Mega, M|61\/100
|move|p1a: Sableye|Recover|p1a: Sableye
|-heal|p1a: Sableye|303\/303
|
|turn|44


|choice|move 2|
|
|move|p1a: Sableye|Fake Out|p2a: Sableye
|-fail|p1a: Sableye
|-hint|Fake Out only works on your first turn out.
|move|p2a: Sableye|Calm Mind|p2a: Sableye
|-boost|p2a: Sableye|spa|1
|-boost|p2a: Sableye|spd|1
|
|turn|45


|choice|switch 4|
|
|switch|p2a: Mew|Mew|100\/100
|switch|p1a: Suicune|Suicune|404\/404
|-ability|p1a: Suicune|Pressure
|
|turn|46


|choice|switch 4|
|
|switch|p1a: Sableye|Sableye-Mega, M|303\/303
|move|p2a: Mew|Knock Off|p1a: Sableye
|-crit|p1a: Sableye
|-damage|p1a: Sableye|245\/303
|
|turn|47


|choice|move 3|
|
|switch|p2a: Sableye|Sableye-Mega, M|61\/100
|move|p1a: Sableye|Knock Off|p2a: Sableye
|-damage|p2a: Sableye|48\/100
|
|turn|48


|choice|switch 4|
|
|switch|p1a: Suicune|Suicune|404\/404
|-ability|p1a: Suicune|Pressure
|move|p2a: Sableye|Recover|p2a: Sableye
|-heal|p2a: Sableye|98\/100
|
|turn|49


|choice|switch 4|
|
|switch|p1a: Sableye|Sableye-Mega, M|245\/303
|switch|p2a: Shedinja|Shedinja|100\/100
|
|turn|50


|choice|switch 4|
|
|switch|p1a: Suicune|Suicune|404\/404
|-ability|p1a: Suicune|Pressure
|move|p2a: Shedinja|Baton Pass|p2a: Shedinja

|inactive|Battle timer is now ON: inactive players will automatically lose when time's up. (requested by Zepereira)


|choice||
|
|switch|p2a: Mew|Mew|100\/100
|
|turn|51

|inactive|You have 150 seconds to make your decision.


|choice|switch 4|
|
|switch|p1a: Sableye|Sableye-Mega, M|245\/303
|move|p2a: Mew|Knock Off|p1a: Sableye
|-damage|p1a: Sableye|209\/303
|
|turn|52

|inactive|You have 150 seconds to make your decision.


|choice|switch 4|
|
|switch|p2a: Sableye|Sableye-Mega, M|98\/100
|switch|p1a: Suicune|Suicune|404\/404
|-ability|p1a: Suicune|Pressure
|
|turn|53

|inactive|You have 150 seconds to make your decision.


|choice|move 1|
|
|switch|p2a: Vaporeon|Vaporeon, M|81\/100
|move|p1a: Suicune|Scald|p2a: Vaporeon
|-heal|p2a: Vaporeon|100\/100|[from] ability: Water Absorb|[of] p1a: Suicune
|
|turn|54

|inactive|You have 150 seconds to make your decision.


|choice|switch 6|
|
|switch|p1a: Azumarill|Azumarill, M|404\/404
|switch|p2a: Shedinja|Shedinja|100\/100
|
|turn|55

|inactive|You have 150 seconds to make your decision.


|choice|switch 4|
|
|switch|p2a: Sableye|Sableye-Mega, M|98\/100
|switch|p1a: Sableye|Sableye-Mega, M|209\/303
|
|turn|56

|inactive|You have 150 seconds to make your decision.


|choice|move 2|
|
|move|p1a: Sableye|Fake Out|p2a: Sableye
|-immune|p2a: Sableye|[msg]
|move|p2a: Sableye|Calm Mind|p2a: Sableye
|-boost|p2a: Sableye|spa|1
|-boost|p2a: Sableye|spd|1
|
|turn|57

|inactive|You have 150 seconds to make your decision.


|choice|switch 6|
|
|switch|p1a: Suicune|Suicune|404\/404
|-ability|p1a: Suicune|Pressure
|move|p2a: Sableye|Shadow Ball|p1a: Suicune
|-damage|p1a: Suicune|295\/404
|
|-heal|p1a: Suicune|320\/404|[from] item: Leftovers
|turn|58

|inactive|You have 150 seconds to make your decision.


|choice|move 2|
|
|switch|p2a: Mew|Mew|100\/100
|move|p1a: Suicune|Calm Mind|p1a: Suicune
|-boost|p1a: Suicune|spa|1
|-boost|p1a: Suicune|spd|1
|
|-heal|p1a: Suicune|345\/404|[from] item: Leftovers
|turn|59

|inactive|You have 150 seconds to make your decision.


|choice|switch 6|
|
|switch|p1a: Sableye|Sableye-Mega, M|209\/303
|move|p2a: Mew|Knock Off|p1a: Sableye
|-damage|p1a: Sableye|172\/303
|
|turn|60

|inactive|You have 150 seconds to make your decision.


|choice|move 4|
|
|move|p2a: Mew|Will-O-Wisp|p1a: Sableye
|move|p1a: Sableye|Will-O-Wisp|p2a: Mew|[from]Magic Bounce
|-status|p2a: Mew|brn
|-status|p1a: Sableye|brn|[from] ability: Synchronize|[of] p2a: Mew
|move|p1a: Sableye|Recover|p1a: Sableye
|-heal|p1a: Sableye|303\/303 brn
|
|-damage|p2a: Mew|88\/100 brn|[from] brn
|-damage|p1a: Sableye|266\/303 brn|[from] brn
|turn|61

|inactive|You have 150 seconds to make your decision.


|c|★JsKingBoo|lol


|choice|move 1|
|
|switch|p2a: Talonflame|Talonflame, M|100\/100
|move|p1a: Sableye|Will-O-Wisp|p2a: Talonflame
|-immune|p2a: Talonflame|[msg]
|
|-damage|p1a: Sableye|229\/303 brn|[from] brn
|turn|62

|inactive|You have 150 seconds to make your decision.


|choice|switch 6|
|
|switch|p2a: Mew|Mew|88\/100 brn
|switch|p1a: Suicune|Suicune|345\/404
|-ability|p1a: Suicune|Pressure
|
|-heal|p2a: Mew|94\/100 brn|[from] item: Leftovers
|-heal|p1a: Suicune|370\/404|[from] item: Leftovers
|-damage|p2a: Mew|82\/100 brn|[from] brn
|turn|63

|inactive|You have 150 seconds to make your decision.


|choice|switch 6|
|
|switch|p1a: Sableye|Sableye-Mega, M|229\/303 brn
|move|p2a: Mew|Knock Off|p1a: Sableye
|-damage|p1a: Sableye|210\/303 brn
|
|-heal|p2a: Mew|88\/100 brn|[from] item: Leftovers
|-damage|p2a: Mew|76\/100 brn|[from] brn
|-damage|p1a: Sableye|173\/303 brn|[from] brn
|turn|64

|inactive|You have 150 seconds to make your decision.


|choice|switch 3|
|
|switch|p2a: Sableye|Sableye-Mega, M|98\/100
|switch|p1a: Chansey|Chansey, F|703\/703
|
|turn|65

|inactive|You have 150 seconds to make your decision.


|choice|switch 3|
|
|switch|p1a: Sableye|Sableye-Mega, M|173\/303 brn
|switch|p2a: Talonflame|Talonflame, M|100\/100
|
|-damage|p1a: Sableye|136\/303 brn|[from] brn
|turn|66

|inactive|You have 150 seconds to make your decision.


|choice|switch 6|
|
|switch|p1a: Suicune|Suicune|370\/404
|-ability|p1a: Suicune|Pressure
|move|p2a: Talonflame|Bulk Up|p2a: Talonflame
|-boost|p2a: Talonflame|atk|1
|-boost|p2a: Talonflame|def|1
|
|-heal|p1a: Suicune|395\/404|[from] item: Leftovers
|turn|67

|inactive|You have 150 seconds to make your decision.


|choice|move 4|
|
|move|p2a: Talonflame|Will-O-Wisp|p1a: Suicune
|-status|p1a: Suicune|brn
|move|p1a: Suicune|Roar|p2a: Talonflame
|drag|p2a: Shedinja|Shedinja|100\/100
|
|-heal|p1a: Suicune|404\/404 brn|[from] item: Leftovers
|-damage|p1a: Suicune|354\/404 brn|[from] brn
|turn|68

|inactive|You have 150 seconds to make your decision.


|choice|switch 4|
|
|switch|p1a: Azumarill|Azumarill, M|404\/404
|move|p2a: Shedinja|Baton Pass|p2a: Shedinja


|choice||
|
|switch|p2a: Sableye|Sableye-Mega, M|98\/100
|
|turn|69

|inactive|You have 150 seconds to make your decision.


|choice|switch 3|
|
|switch|p1a: Chansey|Chansey, F|703\/703
|switch|p2a: Talonflame|Talonflame, M|100\/100
|
|turn|70

|inactive|You have 150 seconds to make your decision.


|choice|move 4|
|
|move|p2a: Talonflame|Bulk Up|p2a: Talonflame
|-boost|p2a: Talonflame|atk|1
|-boost|p2a: Talonflame|def|1
|move|p1a: Chansey|Heal Bell|p1a: Chansey
|-cureteam|p1a: Chansey|[from] move: Heal Bell
|
|turn|71

|inactive|You have 150 seconds to make your decision.


|choice|switch 2|
|
|switch|p1a: Quagsire|Quagsire, M|394\/394
|move|p2a: Talonflame|Bulk Up|p2a: Talonflame
|-boost|p2a: Talonflame|atk|1
|-boost|p2a: Talonflame|def|1
|
|turn|72

|inactive|You have 150 seconds to make your decision.


|choice|move 1|
|
|move|p2a: Talonflame|Will-O-Wisp|p1a: Quagsire
|-status|p1a: Quagsire|brn
|move|p1a: Quagsire|Scald|p2a: Talonflame
|-supereffective|p2a: Talonflame
|-damage|p2a: Talonflame|67\/100
|
|-heal|p2a: Talonflame|73\/100|[from] item: Leftovers
|-damage|p1a: Quagsire|345\/394 brn|[from] brn
|turn|73

|inactive|You have 150 seconds to make your decision.


|choice|move 2|
|
|move|p2a: Talonflame|Brave Bird|p1a: Quagsire
|-damage|p1a: Quagsire|251\/394 brn
|-damage|p2a: Talonflame|65\/100|[from] recoil|[of] p1a: Quagsire
|move|p1a: Quagsire|Toxic|p2a: Talonflame
|-status|p2a: Talonflame|tox
|
|-heal|p2a: Talonflame|71\/100 tox|[from] item: Leftovers
|-heal|p1a: Quagsire|275\/394 brn|[from] item: Leftovers
|-damage|p2a: Talonflame|65\/100 tox|[from] psn
|-damage|p1a: Quagsire|226\/394 brn|[from] brn
|turn|74

|inactive|You have 150 seconds to make your decision.


|choice|move 3|
|
|switch|p2a: Vaporeon|Vaporeon, M|100\/100
|move|p1a: Quagsire|Recover|p1a: Quagsire
|-heal|p1a: Quagsire|394\/394 brn
|
|-damage|p1a: Quagsire|345\/394 brn|[from] brn
|turn|75

|inactive|You have 150 seconds to make your decision.


|choice|move 2|
|
|move|p2a: Vaporeon|Scald|p1a: Quagsire
|-damage|p1a: Quagsire|209\/394 brn
|move|p1a: Quagsire|Toxic|p2a: Vaporeon
|-status|p2a: Vaporeon|tox
|
|-heal|p1a: Quagsire|233\/394 brn|[from] item: Leftovers
|-damage|p2a: Vaporeon|94\/100 tox|[from] psn
|-damage|p1a: Quagsire|184\/394 brn|[from] brn
|turn|76

|inactive|You have 150 seconds to make your decision.


|choice|move 3|
|
|move|p2a: Vaporeon|Heal Bell|p2a: Vaporeon
|-cureteam|p2a: Vaporeon|[from] move: Heal Bell
|move|p1a: Quagsire|Recover|p1a: Quagsire
|-heal|p1a: Quagsire|381\/394 brn
|
|-heal|p1a: Quagsire|394\/394 brn|[from] item: Leftovers
|-damage|p1a: Quagsire|345\/394 brn|[from] brn
|turn|77

|inactive|You have 150 seconds to make your decision.


|choice|switch 2|
|
|switch|p2a: Sableye|Sableye-Mega, M|98\/100
|switch|p1a: Chansey|Chansey, F|703\/703
|
|turn|78

|inactive|You have 150 seconds to make your decision.


|choice|switch 6|
|
|switch|p1a: Sableye|Sableye-Mega, M|136\/303
|switch|p2a: Talonflame|Talonflame, M|65\/100
|
|-heal|p2a: Talonflame|71\/100|[from] item: Leftovers
|turn|79

|inactive|You have 150 seconds to make your decision.


|choice|move 4|
|
|move|p2a: Talonflame|Brave Bird|p1a: Sableye
|-damage|p1a: Sableye|55\/303
|-damage|p2a: Talonflame|63\/100|[from] recoil|[of] p1a: Sableye
|move|p1a: Sableye|Recover|p1a: Sableye
|-heal|p1a: Sableye|207\/303
|
|-heal|p2a: Talonflame|69\/100|[from] item: Leftovers
|turn|80

|inactive|You have 150 seconds to make your decision.


|choice|move 4|
|
|switch|p2a: Sableye|Sableye-Mega, M|98\/100
|move|p1a: Sableye|Recover|p1a: Sableye
|-heal|p1a: Sableye|303\/303
|
|turn|81

|inactive|You have 150 seconds to make your decision.


|choice|switch 6|
|
|switch|p2a: Mew|Mew|76\/100
|switch|p1a: Chansey|Chansey, F|703\/703
|
|-heal|p2a: Mew|82\/100|[from] item: Leftovers
|turn|82

|inactive|You have 150 seconds to make your decision.


|choice|move 1|
|
|move|p2a: Mew|Knock Off|p1a: Chansey
|-damage|p1a: Chansey|608\/703
|-enditem|p1a: Chansey|Eviolite|[from] move: Knock Off|[of] p2a: Mew
|move|p1a: Chansey|Stealth Rock|p2a: Mew
|-sidestart|p2: Zepereira|move: Stealth Rock
|
|-heal|p2a: Mew|88\/100|[from] item: Leftovers
|turn|83

|inactive|You have 150 seconds to make your decision.


|choice|move 1|
|
|move|p2a: Mew|Defog|p1a: Chansey
|-unboost|p1a: Chansey|evasion|1
|-sideend|p2: Zepereira|Stealth Rock|[from] move: Defog|[of] p2a: Mew
|move|p1a: Chansey|Stealth Rock|p2a: Mew
|-sidestart|p2: Zepereira|move: Stealth Rock
|
|-heal|p2a: Mew|94\/100|[from] item: Leftovers
|turn|84

|inactive|You have 150 seconds to make your decision.


|choice|switch 4|
|
|switch|p1a: Suicune|Suicune|354\/404
|-ability|p1a: Suicune|Pressure
|move|p2a: Mew|Defog|p1a: Suicune
|-unboost|p1a: Suicune|evasion|1
|-sideend|p2: Zepereira|Stealth Rock|[from] move: Defog|[of] p2a: Mew
|
|-heal|p2a: Mew|100\/100|[from] item: Leftovers
|-heal|p1a: Suicune|379\/404|[from] item: Leftovers
|turn|85

|inactive|You have 150 seconds to make your decision.


|choice|switch 4|
|
|switch|p1a: Chansey|Chansey, F|608\/703
|move|p2a: Mew|Knock Off|p1a: Chansey
|-damage|p1a: Chansey|501\/703
|
|turn|86

|inactive|You have 150 seconds to make your decision.


|choice|switch 4|
|
|switch|p1a: Suicune|Suicune|379\/404
|-ability|p1a: Suicune|Pressure
|move|p2a: Mew|Will-O-Wisp|p1a: Suicune
|-status|p1a: Suicune|brn
|
|-heal|p1a: Suicune|404\/404 brn|[from] item: Leftovers
|-damage|p1a: Suicune|354\/404 brn|[from] brn
|turn|87

|inactive|You have 150 seconds to make your decision.


|choice|switch 6|
|
|switch|p1a: Sableye|Sableye-Mega, M|303\/303
|move|p2a: Mew|Knock Off|p1a: Sableye
|-damage|p1a: Sableye|265\/303
|
|turn|88

|inactive|You have 150 seconds to make your decision.


|choice|move 3|
|
|switch|p2a: Sableye|Sableye-Mega, M|98\/100
|move|p1a: Sableye|Knock Off|p2a: Sableye
|-damage|p2a: Sableye|83\/100
|
|turn|89

|inactive|You have 150 seconds to make your decision.


|choice|switch 6|
|
|switch|p1a: Suicune|Suicune|354\/404 brn
|-ability|p1a: Suicune|Pressure
|move|p2a: Sableye|Calm Mind|p2a: Sableye
|-boost|p2a: Sableye|spa|1
|-boost|p2a: Sableye|spd|1
|
|-heal|p1a: Suicune|379\/404 brn|[from] item: Leftovers
|-damage|p1a: Suicune|329\/404 brn|[from] brn
|turn|90

|inactive|You have 150 seconds to make your decision.


|choice|move 2|
|
|move|p1a: Suicune|Calm Mind|p1a: Suicune
|-boost|p1a: Suicune|spa|1
|-boost|p1a: Suicune|spd|1
|move|p2a: Sableye|Calm Mind|p2a: Sableye
|-boost|p2a: Sableye|spa|1
|-boost|p2a: Sableye|spd|1
|
|-heal|p1a: Suicune|354\/404 brn|[from] item: Leftovers
|-damage|p1a: Suicune|304\/404 brn|[from] brn
|turn|91

|inactive|You have 150 seconds to make your decision.


|choice|move 1|
|
|move|p1a: Suicune|Scald|p2a: Sableye
|-damage|p2a: Sableye|64\/100
|move|p2a: Sableye|Shadow Ball|p1a: Suicune
|-damage|p1a: Suicune|205\/404 brn
|-unboost|p1a: Suicune|spd|1
|
|-heal|p1a: Suicune|230\/404 brn|[from] item: Leftovers
|-damage|p1a: Suicune|180\/404 brn|[from] brn
|turn|92

|inactive|You have 150 seconds to make your decision.


|choice|move 3|
|
|move|p1a: Suicune|Rest|p1a: Suicune
|-status|p1a: Suicune|slp
|-heal|p1a: Suicune|404\/404 slp|[silent]
|-status|p1a: Suicune|slp|[from] move: Rest
|move|p2a: Sableye|Calm Mind|p2a: Sableye
|-boost|p2a: Sableye|spa|1
|-boost|p2a: Sableye|spd|1
|
|turn|93

|inactive|You have 150 seconds to make your decision.


|choice|switch 4|
|
|switch|p1a: Chansey|Chansey, F|501\/703
|move|p2a: Sableye|Calm Mind|p2a: Sableye
|-boost|p2a: Sableye|spa|1
|-boost|p2a: Sableye|spd|1
|
|turn|94

|inactive|You have 150 seconds to make your decision.


|choice|move 4|
|
|move|p1a: Chansey|Heal Bell|p1a: Chansey
|-cureteam|p1a: Chansey|[from] move: Heal Bell
|move|p2a: Sableye|Calm Mind|p2a: Sableye
|-boost|p2a: Sableye|spa|1
|-boost|p2a: Sableye|spd|1
|
|turn|95

|inactive|You have 150 seconds to make your decision.


|choice|move 2|
|
|move|p1a: Chansey|Seismic Toss|p2a: Sableye
|-immune|p2a: Sableye|[msg]
|move|p2a: Sableye|Shadow Ball|p1a: Chansey
|-immune|p1a: Chansey|[msg]
|
|turn|96

|inactive|You have 150 seconds to make your decision.


|choice|switch 4|
|
|switch|p1a: Suicune|Suicune|404\/404
|-ability|p1a: Suicune|Pressure
|move|p2a: Sableye|Recover|p2a: Sableye
|-heal|p2a: Sableye|100\/100
|
|turn|97

|inactive|You have 150 seconds to make your decision.


|choice|switch 4|
|
|switch|p1a: Chansey|Chansey, F|501\/703
|move|p2a: Sableye|Will-O-Wisp|p1a: Chansey|[miss]
|-miss|p2a: Sableye|p1a: Chansey
|
|turn|98

|inactive|You have 150 seconds to make your decision.


|choice|move 3|
|
|move|p1a: Chansey|Soft-Boiled|p1a: Chansey
|-heal|p1a: Chansey|703\/703
|move|p2a: Sableye|Calm Mind|p2a: Sableye
|-boost|p2a: Sableye|spa|1
|-boost|p2a: Sableye|spd|1
|
|turn|99

|inactive|You have 150 seconds to make your decision.


|choice|switch 6|
|
|switch|p1a: Sableye|Sableye-Mega, M|265\/303
|move|p2a: Sableye|Will-O-Wisp|p1a: Sableye
|move|p1a: Sableye|Will-O-Wisp|p2a: Sableye|[from]Magic Bounce
|-status|p2a: Sableye|brn
|
|-damage|p2a: Sableye|88\/100 brn|[from] brn
|turn|100

|inactive|You have 150 seconds to make your decision.


|choice|switch 6|
|
|switch|p1a: Chansey|Chansey, F|703\/703
|switch|p2a: Dugtrio|Dugtrio, F|100\/100
|
|turn|101

|inactive|You have 150 seconds to make your decision.


|choice|move 2|
|
|move|p2a: Dugtrio|Earthquake|p1a: Chansey
|-damage|p1a: Chansey|436\/703
|move|p1a: Chansey|Seismic Toss|p2a: Dugtrio
|-damage|p2a: Dugtrio|53\/100
|
|turn|102

|inactive|You have 150 seconds to make your decision.


|choice|move 3|
|
|move|p2a: Dugtrio|Stealth Rock|p1a: Chansey
|-sidestart|p1: JsKingBoo|move: Stealth Rock
|move|p1a: Chansey|Soft-Boiled|p1a: Chansey
|-heal|p1a: Chansey|703\/703
|
|turn|103

|inactive|You have 150 seconds to make your decision.


|choice|move 1|
|
|move|p2a: Dugtrio|Earthquake|p1a: Chansey
|-damage|p1a: Chansey|466\/703
|move|p1a: Chansey|Stealth Rock|p2a: Dugtrio
|-sidestart|p2: Zepereira|move: Stealth Rock
|
|turn|104

|inactive|You have 150 seconds to make your decision.


|choice|move 3|
|
|move|p2a: Dugtrio|Earthquake|p1a: Chansey
|-damage|p1a: Chansey|232\/703
|move|p1a: Chansey|Soft-Boiled|p1a: Chansey
|-heal|p1a: Chansey|584\/703
|
|turn|105

|inactive|You have 150 seconds to make your decision.


|choice|move 3|
|
|move|p2a: Dugtrio|Earthquake|p1a: Chansey
|-damage|p1a: Chansey|320\/703
|move|p1a: Chansey|Soft-Boiled|p1a: Chansey
|-heal|p1a: Chansey|672\/703
|
|turn|106

|inactive|You have 150 seconds to make your decision.


|choice|move 3|
|
|move|p2a: Dugtrio|Earthquake|p1a: Chansey
|-damage|p1a: Chansey|435\/703
|move|p1a: Chansey|Soft-Boiled|p1a: Chansey
|-heal|p1a: Chansey|703\/703
|
|turn|107

|inactive|You have 150 seconds to make your decision.


|choice|move 2|
|
|move|p2a: Dugtrio|Earthquake|p1a: Chansey
|-damage|p1a: Chansey|427\/703
|move|p1a: Chansey|Seismic Toss|p2a: Dugtrio
|-damage|p2a: Dugtrio|6\/100
|
|turn|108

|inactive|You have 150 seconds to make your decision.


|choice|move 2|
|
|switch|p2a: Mew|Mew|100\/100
|-damage|p2a: Mew|88\/100|[from] Stealth Rock
|move|p1a: Chansey|Seismic Toss|p2a: Mew
|-damage|p2a: Mew|63\/100
|
|-heal|p2a: Mew|70\/100|[from] item: Leftovers
|turn|109

|inactive|You have 150 seconds to make your decision.


|choice|move 3|
|
|move|p2a: Mew|Will-O-Wisp|p1a: Chansey
|-status|p1a: Chansey|brn
|move|p1a: Chansey|Soft-Boiled|p1a: Chansey
|-heal|p1a: Chansey|703\/703 brn
|
|-heal|p2a: Mew|76\/100|[from] item: Leftovers
|-damage|p1a: Chansey|616\/703 brn|[from] brn
|turn|110

|inactive|You have 150 seconds to make your decision.


|choice|switch 3|
|
|-curestatus|p1a: Chansey|brn|[from] ability: Natural Cure
|switch|p1a: Azumarill|Azumarill, M|404\/404
|-damage|p1a: Azumarill|354\/404|[from] Stealth Rock
|move|p2a: Mew|Will-O-Wisp|p1a: Azumarill
|-status|p1a: Azumarill|brn
|
|-heal|p2a: Mew|82\/100|[from] item: Leftovers
|-heal|p1a: Azumarill|379\/404 brn|[from] item: Leftovers
|-damage|p1a: Azumarill|329\/404 brn|[from] brn
|turn|111

|inactive|You have 150 seconds to make your decision.


|choice|move 2|
|
|move|p2a: Mew|Knock Off|p1a: Azumarill
|-resisted|p1a: Azumarill
|-crit|p1a: Azumarill
|-damage|p1a: Azumarill|282\/404 brn
|-enditem|p1a: Azumarill|Leftovers|[from] move: Knock Off|[of] p2a: Mew
|move|p1a: Azumarill|Toxic|p2a: Mew
|-status|p2a: Mew|tox
|-immune|p1a: Azumarill|[msg]|[from] ability: Synchronize|[of] p2a: Mew
|
|-heal|p2a: Mew|88\/100 tox|[from] item: Leftovers
|-damage|p2a: Mew|82\/100 tox|[from] psn
|-damage|p1a: Azumarill|232\/404 brn|[from] brn
|turn|112

|inactive|You have 150 seconds to make your decision.


|choice|move 2|
|
|move|p2a: Mew|Defog|p1a: Azumarill
|-unboost|p1a: Azumarill|evasion|1
|-sideend|p1: JsKingBoo|Stealth Rock|[from] move: Defog|[of] p1a: Azumarill
|-sideend|p2: Zepereira|Stealth Rock|[from] move: Defog|[of] p2a: Mew
|move|p1a: Azumarill|Toxic|p2a: Mew
|-fail|p2a: Mew|tox
|
|-heal|p2a: Mew|88\/100 tox|[from] item: Leftovers
|-damage|p2a: Mew|76\/100 tox|[from] psn
|-damage|p1a: Azumarill|182\/404 brn|[from] brn
|turn|113

|inactive|You have 150 seconds to make your decision.


|choice|move 3|
|
|switch|p2a: Vaporeon|Vaporeon, M|94\/100
|move|p1a: Azumarill|Rest|p1a: Azumarill
|-status|p1a: Azumarill|slp
|-heal|p1a: Azumarill|404\/404 slp|[silent]
|-status|p1a: Azumarill|slp|[from] move: Rest
|
|turn|114

|inactive|You have 150 seconds to make your decision.


|choice|move 2|
|
|move|p2a: Vaporeon|Heal Bell|p2a: Vaporeon
|-cureteam|p2a: Vaporeon|[from] move: Heal Bell
|cant|p1a: Azumarill|slp
|
|turn|115

|inactive|You have 150 seconds to make your decision.


|choice|move 2|
|
|switch|p2a: Sableye|Sableye-Mega, M|88\/100
|cant|p1a: Azumarill|slp
|
|turn|116

|inactive|You have 150 seconds to make your decision.


|choice|switch 4|
|
|switch|p1a: Suicune|Suicune|404\/404
|-ability|p1a: Suicune|Pressure
|move|p2a: Sableye|Calm Mind|p2a: Sableye
|-boost|p2a: Sableye|spa|1
|-boost|p2a: Sableye|spd|1
|
|turn|117

|inactive|You have 150 seconds to make your decision.


|choice|move 2|
|
|switch|p2a: Shedinja|Shedinja|100\/100
|move|p1a: Suicune|Calm Mind|p1a: Suicune
|-boost|p1a: Suicune|spa|1
|-boost|p1a: Suicune|spd|1
|
|turn|118

|inactive|You have 150 seconds to make your decision.


|choice|switch 4|
|
|switch|p1a: Azumarill|Azumarill, M|404\/404 slp
|switch|p2a: Vaporeon|Vaporeon, M|94\/100
|
|turn|119

|inactive|You have 150 seconds to make your decision.


|choice|move 1|
|
|switch|p2a: Sableye|Sableye-Mega, M|88\/100
|-curestatus|p1a: Azumarill|slp
|move|p1a: Azumarill|Aqua Jet|p2a: Sableye
|-damage|p2a: Sableye|83\/100
|
|turn|120

|inactive|You have 150 seconds to make your decision.


|choice|switch 4|
|
|switch|p1a: Suicune|Suicune|404\/404
|-ability|p1a: Suicune|Pressure
|move|p2a: Sableye|Recover|p2a: Sableye
|-heal|p2a: Sableye|100\/100
|
|turn|121

|inactive|You have 150 seconds to make your decision.


|choice|switch 6|
|
|switch|p1a: Sableye|Sableye-Mega, M|265\/303
|switch|p2a: Vaporeon|Vaporeon, M|94\/100
|
|turn|122

|inactive|You have 150 seconds to make your decision.


|choice|move 2|
|
|move|p2a: Vaporeon|Protect|p2a: Vaporeon
|-singleturn|p2a: Vaporeon|Protect
|move|p1a: Sableye|Fake Out|p2a: Vaporeon
|-activate|p2a: Vaporeon|Protect
|
|turn|123

|inactive|You have 150 seconds to make your decision.


|choice|switch 3|
|
|switch|p1a: Chansey|Chansey, F|616\/703
|move|p2a: Vaporeon|Wish|p2a: Vaporeon
|
|turn|124

|inactive|You have 150 seconds to make your decision.


|choice|switch 6|
|
|switch|p2a: Mew|Mew|76\/100
|switch|p1a: Suicune|Suicune|404\/404
|-ability|p1a: Suicune|Pressure
|
|-heal|p2a: Mew|100\/100|[from] move: Wish|[wisher] Vaporeon
|turn|125

|inactive|You have 150 seconds to make your decision.


|choice|switch 6|
|
|switch|p1a: Chansey|Chansey, F|616\/703
|move|p2a: Mew|Knock Off|p1a: Chansey
|-damage|p1a: Chansey|516\/703
|
|turn|126

|inactive|You have 150 seconds to make your decision.


|choice|switch 4|
|
|switch|p2a: Sableye|Sableye-Mega, M|100\/100
|switch|p1a: Azumarill|Azumarill, M|404\/404
|
|turn|127

|inactive|You have 150 seconds to make your decision.


|choice|switch 3|
|
|switch|p1a: Sableye|Sableye-Mega, M|265\/303
|switch|p2a: Mew|Mew|100\/100
|
|turn|128

|inactive|You have 150 seconds to make your decision.


|choice|move 3|
|
|move|p2a: Mew|Will-O-Wisp|p1a: Sableye
|move|p1a: Sableye|Will-O-Wisp|p2a: Mew|[from]Magic Bounce|[miss]
|-miss|p1a: Sableye|p2a: Mew
|move|p1a: Sableye|Knock Off|p2a: Mew
|-supereffective|p2a: Mew
|-damage|p2a: Mew|67\/100
|-enditem|p2a: Mew|Leftovers|[from] move: Knock Off|[of] p1a: Sableye
|
|turn|129

|inactive|You have 150 seconds to make your decision.


|choice|switch 4|
|
|switch|p1a: Chansey|Chansey, F|516\/703
|move|p2a: Mew|Will-O-Wisp|p1a: Chansey
|-status|p1a: Chansey|brn
|
|-damage|p1a: Chansey|429\/703 brn|[from] brn
|turn|130

|inactive|You have 150 seconds to make your decision.


|choice|move 3|
|
|move|p2a: Mew|Soft-Boiled|p2a: Mew
|-heal|p2a: Mew|100\/100
|move|p1a: Chansey|Soft-Boiled|p1a: Chansey
|-heal|p1a: Chansey|703\/703 brn
|
|-damage|p1a: Chansey|616\/703 brn|[from] brn
|turn|131

|inactive|You have 150 seconds to make your decision.


|choice|switch 3|
|
|switch|p2a: Sableye|Sableye-Mega, M|100\/100
|-curestatus|p1a: Chansey|brn|[from] ability: Natural Cure
|switch|p1a: Azumarill|Azumarill, M|404\/404
|
|turn|132

|inactive|You have 150 seconds to make your decision.


|choice|switch 4|
|
|switch|p1a: Sableye|Sableye-Mega, M|265\/303
|switch|p2a: Mew|Mew|100\/100
|
|turn|133

|inactive|You have 150 seconds to make your decision.


|choice|switch 4|
|
|switch|p1a: Azumarill|Azumarill, M|404\/404
|move|p2a: Mew|Will-O-Wisp|p1a: Azumarill
|-status|p1a: Azumarill|brn
|
|-damage|p1a: Azumarill|354\/404 brn|[from] brn
|turn|134

|inactive|You have 150 seconds to make your decision.


|choice|switch 3|
|
|switch|p2a: Sableye|Sableye-Mega, M|100\/100
|switch|p1a: Chansey|Chansey, F|616\/703
|
|turn|135

|inactive|You have 150 seconds to make your decision.


|choice|switch 4|
|
|switch|p1a: Sableye|Sableye-Mega, M|265\/303
|move|p2a: Sableye|Calm Mind|p2a: Sableye
|-boost|p2a: Sableye|spa|1
|-boost|p2a: Sableye|spd|1
|
|turn|136

|inactive|You have 150 seconds to make your decision.


|choice|switch 6|
|
|switch|p1a: Suicune|Suicune|404\/404
|-ability|p1a: Suicune|Pressure
|switch|p2a: Mew|Mew|100\/100
|
|turn|137

|inactive|You have 150 seconds to make your decision.


|choice|switch 3|
|
|switch|p2a: Vaporeon|Vaporeon, M|94\/100
|switch|p1a: Azumarill|Azumarill, M|354\/404 brn
|
|-damage|p1a: Azumarill|304\/404 brn|[from] brn
|turn|138

|inactive|You have 150 seconds to make your decision.


|choice|move 2|
|
|switch|p2a: Sableye|Sableye-Mega, M|100\/100
|move|p1a: Azumarill|Toxic|p2a: Sableye
|move|p2a: Sableye|Toxic|p1a: Azumarill|[from]Magic Bounce
|-fail|p1a: Azumarill
|
|-damage|p1a: Azumarill|254\/404 brn|[from] brn
|turn|139

|inactive|You have 150 seconds to make your decision.


|choice|switch 2|
|
|switch|p1a: Quagsire|Quagsire, M|345\/394
|move|p2a: Sableye|Calm Mind|p2a: Sableye
|-boost|p2a: Sableye|spa|1
|-boost|p2a: Sableye|spd|1
|
|-heal|p1a: Quagsire|369\/394|[from] item: Leftovers
|turn|140

|inactive|You have 150 seconds to make your decision.


|choice|move 1|
|
|switch|p2a: Mew|Mew|100\/100
|move|p1a: Quagsire|Scald|p2a: Mew
|-damage|p2a: Mew|82\/100
|
|-heal|p1a: Quagsire|393\/394|[from] item: Leftovers
|turn|141

|inactive|You have 150 seconds to make your decision.


|choice|switch 2|
|
|switch|p1a: Azumarill|Azumarill, M|254\/404 brn
|move|p2a: Mew|Will-O-Wisp|p1a: Azumarill|[miss]
|-miss|p2a: Mew|p1a: Azumarill
|
|-damage|p1a: Azumarill|204\/404 brn|[from] brn
|turn|142

|inactive|You have 150 seconds to make your decision.


|choice|move 3|
|
|switch|p2a: Dugtrio|Dugtrio, F|6\/100
|move|p1a: Azumarill|Rest|p1a: Azumarill
|-status|p1a: Azumarill|slp
|-heal|p1a: Azumarill|404\/404 slp|[silent]
|-status|p1a: Azumarill|slp|[from] move: Rest
|
|turn|143

|inactive|You have 150 seconds to make your decision.


|choice|move 3|
|
|move|p2a: Dugtrio|Stealth Rock|p1a: Azumarill
|-sidestart|p1: JsKingBoo|move: Stealth Rock
|cant|p1a: Azumarill|slp
|
|turn|144

|inactive|You have 150 seconds to make your decision.


|choice|move 3|
|
|move|p2a: Dugtrio|Earthquake|p1a: Azumarill
|-crit|p1a: Azumarill
|-damage|p1a: Azumarill|229\/404 slp
|cant|p1a: Azumarill|slp
|
|turn|145

|inactive|You have 150 seconds to make your decision.


|choice|move 1|
|
|-curestatus|p1a: Azumarill|slp
|move|p1a: Azumarill|Aqua Jet|p2a: Dugtrio
|-supereffective|p2a: Dugtrio
|-damage|p2a: Dugtrio|0 fnt
|faint|p2a: Dugtrio
|


|choice||
|
|switch|p2a: Talonflame|Talonflame, M|69\/100
|turn|146

|inactive|You have 150 seconds to make your decision.


|choice|move 2|
|
|move|p2a: Talonflame|Will-O-Wisp|p1a: Azumarill
|-status|p1a: Azumarill|brn
|move|p1a: Azumarill|Toxic|p2a: Talonflame
|-status|p2a: Talonflame|tox
|
|-heal|p2a: Talonflame|75\/100 tox|[from] item: Leftovers
|-damage|p2a: Talonflame|69\/100 tox|[from] psn
|-damage|p1a: Azumarill|179\/404 brn|[from] brn
|turn|147

|inactive|You have 150 seconds to make your decision.


|choice|switch 2|
|
|switch|p2a: Mew|Mew|82\/100
|switch|p1a: Quagsire|Quagsire, M|393\/394
|-damage|p1a: Quagsire|369\/394|[from] Stealth Rock
|
|-heal|p1a: Quagsire|393\/394|[from] item: Leftovers
|turn|148

|inactive|You have 150 seconds to make your decision.


|choice|switch 4|
|
|switch|p1a: Chansey|Chansey, F|616\/703
|-damage|p1a: Chansey|529\/703|[from] Stealth Rock
|move|p2a: Mew|Knock Off|p1a: Chansey
|-damage|p1a: Chansey|429\/703
|
|turn|149

|inactive|You have 150 seconds to make your decision.


|choice|switch 5|
|
|switch|p1a: Skarmory|Skarmory, M|333\/333
|-damage|p1a: Skarmory|292\/333|[from] Stealth Rock
|move|p2a: Mew|Will-O-Wisp|p1a: Skarmory
|-status|p1a: Skarmory|brn
|
|-damage|p1a: Skarmory|251\/333 brn|[from] brn
|turn|150

|inactive|You have 150 seconds to make your decision.


|choice|move 3|
|
|move|p2a: Mew|Knock Off|p1a: Skarmory
|-damage|p1a: Skarmory|209\/333 brn
|-damage|p2a: Mew|66\/100|[from] item: Rocky Helmet|[of] p1a: Skarmory
|-enditem|p1a: Skarmory|Rocky Helmet|[from] move: Knock Off|[of] p2a: Mew
|move|p1a: Skarmory|Defog|p2a: Mew
|-unboost|p2a: Mew|evasion|1
|-sideend|p1: JsKingBoo|Stealth Rock|[from] move: Defog|[of] p1a: Skarmory
|
|-damage|p1a: Skarmory|168\/333 brn|[from] brn
|turn|151

|inactive|You have 150 seconds to make your decision.


|choice|move 2|
|
|switch|p2a: Sableye|Sableye-Mega, M|100\/100
|move|p1a: Skarmory|Roost|p1a: Skarmory
|-heal|p1a: Skarmory|333\/333 brn
|
|-damage|p1a: Skarmory|292\/333 brn|[from] brn
|turn|152

|inactive|You have 150 seconds to make your decision.


|choice|switch 5|
|
|switch|p1a: Chansey|Chansey, F|429\/703
|switch|p2a: Mew|Mew|66\/100
|
|turn|153

|inactive|You have 150 seconds to make your decision.


|choice|move 4|
|
|move|p2a: Mew|Knock Off|p1a: Chansey
|-damage|p1a: Chansey|335\/703
|move|p1a: Chansey|Heal Bell|p1a: Chansey
|-cureteam|p1a: Chansey|[from] move: Heal Bell
|
|turn|154

|inactive|You have 150 seconds to make your decision.


|choice|move 3|
|
|move|p2a: Mew|Will-O-Wisp|p1a: Chansey
|-status|p1a: Chansey|brn
|move|p1a: Chansey|Soft-Boiled|p1a: Chansey
|-heal|p1a: Chansey|687\/703 brn
|
|-damage|p1a: Chansey|600\/703 brn|[from] brn
|turn|155

|inactive|You have 150 seconds to make your decision.


|choice|switch 2|
|
|-curestatus|p1a: Chansey|brn|[from] ability: Natural Cure
|switch|p1a: Azumarill|Azumarill, M|179\/404
|move|p2a: Mew|Soft-Boiled|p2a: Mew
|-heal|p2a: Mew|100\/100
|
|turn|156

|inactive|You have 150 seconds to make your decision.


|choice|move 3|
|
|switch|p2a: Sableye|Sableye-Mega, M|100\/100
|move|p1a: Azumarill|Rest|p1a: Azumarill
|-status|p1a: Azumarill|slp
|-heal|p1a: Azumarill|404\/404 slp|[silent]
|-status|p1a: Azumarill|slp|[from] move: Rest
|
|turn|157

|inactive|You have 150 seconds to make your decision.


|choice|switch 6|
|
|switch|p1a: Sableye|Sableye-Mega, M|265\/303
|switch|p2a: Vaporeon|Vaporeon, M|94\/100
|
|turn|158

|inactive|You have 150 seconds to make your decision.


|choice|switch 6|
|
|switch|p1a: Azumarill|Azumarill, M|404\/404 slp
|move|p2a: Vaporeon|Scald|p1a: Azumarill
|-resisted|p1a: Azumarill
|-damage|p1a: Azumarill|346\/404 slp
|
|turn|159

|inactive|You have 150 seconds to make your decision.


|choice|move 2|
|
|move|p2a: Vaporeon|Wish|p2a: Vaporeon
|cant|p1a: Azumarill|slp
|
|turn|160

|inactive|You have 150 seconds to make your decision.


|choice|move 2|
|
|switch|p2a: Mew|Mew|100\/100
|cant|p1a: Azumarill|slp
|
|turn|161

|inactive|You have 150 seconds to make your decision.


|choice|switch 2|
|
|switch|p2a: Sableye|Sableye-Mega, M|100\/100
|switch|p1a: Chansey|Chansey, F|600\/703
|
|turn|162

|inactive|You have 150 seconds to make your decision.


|choice|switch 3|
|
|switch|p1a: Suicune|Suicune|404\/404
|-ability|p1a: Suicune|Pressure
|move|p2a: Sableye|Calm Mind|p2a: Sableye
|-boost|p2a: Sableye|spa|1
|-boost|p2a: Sableye|spd|1
|
|turn|163

|inactive|You have 150 seconds to make your decision.


|choice|move 2|
|
|switch|p2a: Mew|Mew|100\/100
|move|p1a: Suicune|Calm Mind|p1a: Suicune
|-boost|p1a: Suicune|spa|1
|-boost|p1a: Suicune|spd|1
|
|turn|164

|inactive|You have 150 seconds to make your decision.


|choice|switch 3|
|
|switch|p1a: Chansey|Chansey, F|600\/703
|move|p2a: Mew|Knock Off|p1a: Chansey
|-damage|p1a: Chansey|504\/703
|
|turn|165

|inactive|You have 150 seconds to make your decision.


|choice|move 2|
|
|move|p2a: Mew|Will-O-Wisp|p1a: Chansey
|-status|p1a: Chansey|brn
|move|p1a: Chansey|Seismic Toss|p2a: Mew
|-damage|p2a: Mew|76\/100
|
|-damage|p1a: Chansey|417\/703 brn|[from] brn
|turn|166

|inactive|You have 150 seconds to make your decision.


|choice|switch 2|
|
|-curestatus|p1a: Chansey|brn|[from] ability: Natural Cure
|switch|p1a: Azumarill|Azumarill, M|346\/404 slp
|move|p2a: Mew|Knock Off|p1a: Azumarill
|-resisted|p1a: Azumarill
|-damage|p1a: Azumarill|326\/404 slp
|
|turn|167

|inactive|You have 150 seconds to make your decision.


|choice|move 1|
|
|switch|p2a: Sableye|Sableye-Mega, M|100\/100
|-curestatus|p1a: Azumarill|slp
|move|p1a: Azumarill|Aqua Jet|p2a: Sableye
|-damage|p2a: Sableye|95\/100
|
|turn|168

|inactive|You have 150 seconds to make your decision.


|choice|switch 3|
|
|switch|p1a: Suicune|Suicune|404\/404
|-ability|p1a: Suicune|Pressure
|switch|p2a: Mew|Mew|76\/100
|
|turn|169

|inactive|You have 150 seconds to make your decision.


|choice|switch 2|
|
|switch|p2a: Shedinja|Shedinja|100\/100
|switch|p1a: Chansey|Chansey, F|417\/703
|
|turn|170

|inactive|You have 150 seconds to make your decision.


|choice|move 3|
|
|move|p2a: Shedinja|Baton Pass|p2a: Shedinja


|choice||
|
|switch|p2a: Sableye|Sableye-Mega, M|95\/100
|move|p1a: Chansey|Soft-Boiled|p1a: Chansey
|-heal|p1a: Chansey|703\/703
|
|turn|171

|inactive|You have 150 seconds to make your decision.


|choice|switch 2|
|
|switch|p1a: Suicune|Suicune|404\/404
|-ability|p1a: Suicune|Pressure
|switch|p2a: Mew|Mew|76\/100
|
|turn|172

|inactive|You have 150 seconds to make your decision.


|choice|switch 3|
|
|switch|p1a: Azumarill|Azumarill, M|326\/404
|move|p2a: Mew|Soft-Boiled|p2a: Mew
|-heal|p2a: Mew|100\/100
|
|turn|173

|inactive|You have 150 seconds to make your decision.


|choice|switch 2|
|
|switch|p2a: Sableye|Sableye-Mega, M|95\/100
|switch|p1a: Chansey|Chansey, F|703\/703
|
|turn|174

|inactive|You have 150 seconds to make your decision.


|choice|move 2|
|
|switch|p2a: Mew|Mew|100\/100
|move|p1a: Chansey|Seismic Toss|p2a: Mew
|-damage|p2a: Mew|76\/100
|
|turn|175

|inactive|You have 150 seconds to make your decision.


|choice|switch 2|
|
|switch|p1a: Azumarill|Azumarill, M|326\/404
|move|p2a: Mew|Will-O-Wisp|p1a: Azumarill|[miss]
|-miss|p2a: Mew|p1a: Azumarill
|
|turn|176

|inactive|You have 150 seconds to make your decision.


|choice|switch 2|
|
|switch|p2a: Sableye|Sableye-Mega, M|95\/100
|switch|p1a: Chansey|Chansey, F|703\/703
|
|turn|177

|inactive|You have 150 seconds to make your decision.


|choice|switch 3|
|
|switch|p1a: Suicune|Suicune|404\/404
|-ability|p1a: Suicune|Pressure
|switch|p2a: Mew|Mew|76\/100
|
|turn|178

|inactive|You have 150 seconds to make your decision.


|choice|switch 3|
|
|switch|p2a: Shedinja|Shedinja|100\/100
|switch|p1a: Chansey|Chansey, F|703\/703
|
|turn|179

|inactive|You have 150 seconds to make your decision.


|choice|switch 6|
|
|switch|p1a: Sableye|Sableye-Mega, M|265\/303
|move|p2a: Shedinja|Baton Pass|p2a: Shedinja


|choice||
|
|switch|p2a: Mew|Mew|76\/100
|
|turn|180

|inactive|You have 150 seconds to make your decision.


|choice|switch 6|
|
|switch|p1a: Chansey|Chansey, F|703\/703
|move|p2a: Mew|Will-O-Wisp|p1a: Chansey
|-status|p1a: Chansey|brn
|
|-damage|p1a: Chansey|616\/703 brn|[from] brn
|turn|181

|inactive|You have 150 seconds to make your decision.


|choice|switch 2|
|
|switch|p2a: Sableye|Sableye-Mega, M|95\/100
|-curestatus|p1a: Chansey|brn|[from] ability: Natural Cure
|switch|p1a: Azumarill|Azumarill, M|326\/404
|
|turn|182

|inactive|You have 150 seconds to make your decision.


|choice|switch 3|
|
|switch|p1a: Suicune|Suicune|404\/404
|-ability|p1a: Suicune|Pressure
|move|p2a: Sableye|Will-O-Wisp|p1a: Suicune
|-status|p1a: Suicune|brn
|
|-damage|p1a: Suicune|354\/404 brn|[from] brn
|turn|183

|inactive|You have 150 seconds to make your decision.


|choice|move 2|
|
|switch|p2a: Shedinja|Shedinja|100\/100
|move|p1a: Suicune|Calm Mind|p1a: Suicune
|-boost|p1a: Suicune|spa|1
|-boost|p1a: Suicune|spd|1
|
|-heal|p1a: Suicune|379\/404 brn|[from] item: Leftovers
|-damage|p1a: Suicune|329\/404 brn|[from] brn
|turn|184

|inactive|You have 150 seconds to make your decision.


|choice|switch 5|
|
|switch|p1a: Skarmory|Skarmory, M|292\/333
|move|p2a: Shedinja|Baton Pass|p2a: Shedinja


|choice||
|
|switch|p2a: Sableye|Sableye-Mega, M|95\/100
|
|turn|185

|inactive|You have 150 seconds to make your decision.


|choice|switch 5|
|
|switch|p1a: Suicune|Suicune|329\/404 brn
|-ability|p1a: Suicune|Pressure
|switch|p2a: Mew|Mew|76\/100
|
|-heal|p1a: Suicune|354\/404 brn|[from] item: Leftovers
|-damage|p1a: Suicune|304\/404 brn|[from] brn
|turn|186

|inactive|You have 150 seconds to make your decision.


|choice|switch 2|
|
|switch|p1a: Chansey|Chansey, F|616\/703
|move|p2a: Mew|Knock Off|p1a: Chansey
|-damage|p1a: Chansey|514\/703
|
|turn|187

|inactive|You have 150 seconds to make your decision.


|choice|switch 6|
|
|switch|p1a: Sableye|Sableye-Mega, M|265\/303
|move|p2a: Mew|Will-O-Wisp|p1a: Sableye
|move|p1a: Sableye|Will-O-Wisp|p2a: Mew|[from]Magic Bounce
|-status|p2a: Mew|brn
|-status|p1a: Sableye|brn|[from] ability: Synchronize|[of] p2a: Mew
|
|-damage|p2a: Mew|63\/100 brn|[from] brn
|-damage|p1a: Sableye|228\/303 brn|[from] brn
|turn|188

|inactive|You have 150 seconds to make your decision.


|choice|switch 3|
|
|switch|p2a: Sableye|Sableye-Mega, M|95\/100
|switch|p1a: Azumarill|Azumarill, M|326\/404
|
|turn|189

|inactive|You have 150 seconds to make your decision.


|choice|switch 2|
|
|switch|p1a: Suicune|Suicune|304\/404 brn
|-ability|p1a: Suicune|Pressure
|switch|p2a: Vaporeon|Vaporeon, M|94\/100
|
|-heal|p1a: Suicune|329\/404 brn|[from] item: Leftovers
|-damage|p1a: Suicune|279\/404 brn|[from] brn
|turn|190

|inactive|You have 150 seconds to make your decision.


|choice|move 3|
|
|switch|p2a: Mew|Mew|63\/100 brn
|move|p1a: Suicune|Rest|p1a: Suicune
|-status|p1a: Suicune|slp
|-heal|p1a: Suicune|404\/404 slp|[silent]
|-status|p1a: Suicune|slp|[from] move: Rest
|
|-damage|p2a: Mew|51\/100 brn|[from] brn
|turn|191

|inactive|You have 150 seconds to make your decision.


|choice|switch 2|
|
|switch|p1a: Azumarill|Azumarill, M|326\/404
|move|p2a: Mew|Knock Off|p1a: Azumarill
|-resisted|p1a: Azumarill
|-damage|p1a: Azumarill|316\/404
|
|-damage|p2a: Mew|39\/100 brn|[from] brn
|turn|192

|inactive|You have 150 seconds to make your decision.


|choice|move 1|
|
|move|p1a: Azumarill|Aqua Jet|p2a: Mew
|-damage|p2a: Mew|34\/100 brn
|move|p2a: Mew|Soft-Boiled|p2a: Mew
|-heal|p2a: Mew|84\/100 brn
|
|-damage|p2a: Mew|72\/100 brn|[from] brn
|turn|193

|inactive|You have 150 seconds to make your decision.


|choice|switch 6|
|
|switch|p2a: Sableye|Sableye-Mega, M|95\/100
|switch|p1a: Chansey|Chansey, F|514\/703
|
|turn|194

|inactive|You have 150 seconds to make your decision.


|choice|switch 2|
|
|switch|p1a: Suicune|Suicune|404\/404 slp
|-ability|p1a: Suicune|Pressure
|move|p2a: Sableye|Calm Mind|p2a: Sableye
|-boost|p2a: Sableye|spa|1
|-boost|p2a: Sableye|spd|1
|
|turn|195

|inactive|You have 150 seconds to make your decision.


|choice|move 2|
|
|cant|p1a: Suicune|slp
|move|p2a: Sableye|Calm Mind|p2a: Sableye
|-boost|p2a: Sableye|spa|1
|-boost|p2a: Sableye|spd|1
|
|turn|196

|inactive|You have 150 seconds to make your decision.


|choice|move 2|
|
|cant|p1a: Suicune|slp
|move|p2a: Sableye|Calm Mind|p2a: Sableye
|-boost|p2a: Sableye|spa|1
|-boost|p2a: Sableye|spd|1
|
|turn|197

|inactive|You have 150 seconds to make your decision.


|choice|switch 4|
|
|switch|p1a: Quagsire|Quagsire, M|393\/394
|move|p2a: Sableye|Shadow Ball|p1a: Quagsire
|-damage|p1a: Quagsire|275\/394
|
|-heal|p1a: Quagsire|299\/394|[from] item: Leftovers
|turn|198

|inactive|You have 150 seconds to make your decision.


|choice|move 1|
|
|move|p1a: Quagsire|Scald|p2a: Sableye
|-damage|p2a: Sableye|74\/100
|move|p2a: Sableye|Calm Mind|p2a: Sableye
|-boost|p2a: Sableye|spa|1
|-boost|p2a: Sableye|spd|1
|
|-heal|p1a: Quagsire|323\/394|[from] item: Leftovers
|turn|199

|inactive|You have 150 seconds to make your decision.


|choice|move 1|
|
|move|p1a: Quagsire|Scald|p2a: Sableye
|-damage|p2a: Sableye|55\/100
|move|p2a: Sableye|Shadow Ball|p1a: Quagsire
|-damage|p1a: Quagsire|199\/394
|
|-heal|p1a: Quagsire|223\/394|[from] item: Leftovers
|turn|200

|inactive|You have 150 seconds to make your decision.


|choice|move 3|
|
|move|p1a: Quagsire|Recover|p1a: Quagsire
|-heal|p1a: Quagsire|394\/394
|move|p2a: Sableye|Will-O-Wisp|p1a: Quagsire
|-status|p1a: Quagsire|brn
|
|-damage|p1a: Quagsire|345\/394 brn|[from] brn
|turn|201

|inactive|You have 150 seconds to make your decision.


|choice|move 1|
|
|move|p1a: Quagsire|Scald|p2a: Sableye
|-damage|p2a: Sableye|35\/100
|move|p2a: Sableye|Recover|p2a: Sableye
|-heal|p2a: Sableye|85\/100
|
|-heal|p1a: Quagsire|369\/394 brn|[from] item: Leftovers
|-damage|p1a: Quagsire|320\/394 brn|[from] brn
|turn|202

|inactive|You have 150 seconds to make your decision.


|choice|move 1|
|
|move|p1a: Quagsire|Scald|p2a: Sableye
|-damage|p2a: Sableye|68\/100
|-status|p2a: Sableye|brn
|move|p2a: Sableye|Shadow Ball|p1a: Quagsire
|-damage|p1a: Quagsire|194\/394 brn
|
|-heal|p1a: Quagsire|218\/394 brn|[from] item: Leftovers
|-damage|p1a: Quagsire|169\/394 brn|[from] brn
|-damage|p2a: Sableye|55\/100 brn|[from] brn
|turn|203

|inactive|You have 150 seconds to make your decision.


|choice|move 3|
|
|move|p1a: Quagsire|Recover|p1a: Quagsire
|-heal|p1a: Quagsire|366\/394 brn
|move|p2a: Sableye|Shadow Ball|p1a: Quagsire
|-damage|p1a: Quagsire|245\/394 brn
|
|-heal|p1a: Quagsire|269\/394 brn|[from] item: Leftovers
|-damage|p1a: Quagsire|220\/394 brn|[from] brn
|-damage|p2a: Sableye|43\/100 brn|[from] brn
|turn|204

|inactive|You have 150 seconds to make your decision.


|choice|switch 2|
|
|switch|p1a: Chansey|Chansey, F|514\/703
|switch|p2a: Vaporeon|Vaporeon, M|94\/100
|
|turn|205

|inactive|You have 150 seconds to make your decision.


|choice|move 1|
|
|move|p2a: Vaporeon|Scald|p1a: Chansey
|-damage|p1a: Chansey|412\/703
|-status|p1a: Chansey|brn
|move|p1a: Chansey|Stealth Rock|p2a: Vaporeon
|-sidestart|p2: Zepereira|move: Stealth Rock
|
|-damage|p1a: Chansey|325\/703 brn|[from] brn
|turn|206

|inactive|You have 150 seconds to make your decision.


|choice|move 4|
|
|move|p2a: Vaporeon|Heal Bell|p2a: Vaporeon
|-cureteam|p2a: Vaporeon|[from] move: Heal Bell
|move|p1a: Chansey|Heal Bell|p1a: Chansey
|-cureteam|p1a: Chansey|[from] move: Heal Bell
|
|turn|207

|inactive|You have 150 seconds to make your decision.


|choice|move 3|
|
|switch|p2a: Mew|Mew|72\/100
|-damage|p2a: Mew|59\/100|[from] Stealth Rock
|move|p1a: Chansey|Soft-Boiled|p1a: Chansey
|-heal|p1a: Chansey|677\/703
|
|turn|208

|inactive|You have 150 seconds to make your decision.


|choice|switch 4|
|
|switch|p1a: Suicune|Suicune|404\/404
|-ability|p1a: Suicune|Pressure
|move|p2a: Mew|Defog|p1a: Suicune
|-unboost|p1a: Suicune|evasion|1
|-sideend|p2: Zepereira|Stealth Rock|[from] move: Defog|[of] p2a: Mew
|
|turn|209

|inactive|You have 150 seconds to make your decision.


|choice|switch 3|
|
|switch|p1a: Sableye|Sableye-Mega, M|228\/303
|move|p2a: Mew|Knock Off|p1a: Sableye
|-damage|p1a: Sableye|190\/303
|
|turn|210

|inactive|You have 150 seconds to make your decision.


|choice|move 2|
|
|move|p1a: Sableye|Fake Out|p2a: Mew
|-damage|p2a: Mew|54\/100
|cant|p2a: Mew|flinch
|
|turn|211

|inactive|You have 150 seconds to make your decision.


|choice|switch 3|
|
|switch|p1a: Suicune|Suicune|404\/404
|-ability|p1a: Suicune|Pressure
|move|p2a: Mew|Soft-Boiled|p2a: Mew
|-heal|p2a: Mew|100\/100
|
|turn|212

|inactive|You have 150 seconds to make your decision.


|choice|switch 4|
|
|switch|p1a: Chansey|Chansey, F|677\/703
|move|p2a: Mew|Knock Off|p1a: Chansey
|-damage|p1a: Chansey|570\/703
|
|turn|213

|inactive|You have 150 seconds to make your decision.


|choice|switch 6|
|
|switch|p2a: Sableye|Sableye-Mega, M|43\/100
|switch|p1a: Azumarill|Azumarill, M|316\/404
|
|turn|214

|inactive|You have 150 seconds to make your decision.


|choice|move 1|
|
|move|p1a: Azumarill|Aqua Jet|p2a: Sableye
|-damage|p2a: Sableye|37\/100
|move|p2a: Sableye|Recover|p2a: Sableye
|-heal|p2a: Sableye|87\/100
|
|turn|215

|inactive|You have 150 seconds to make your decision.


|choice|switch 3|
|
|switch|p1a: Sableye|Sableye-Mega, M|190\/303
|move|p2a: Sableye|Calm Mind|p2a: Sableye
|-boost|p2a: Sableye|spa|1
|-boost|p2a: Sableye|spd|1
|
|turn|216

|inactive|You have 150 seconds to make your decision.


|choice|switch 4|
|
|switch|p1a: Suicune|Suicune|404\/404
|-ability|p1a: Suicune|Pressure
|move|p2a: Sableye|Will-O-Wisp|p1a: Suicune
|-status|p1a: Suicune|brn
|
|-damage|p1a: Suicune|354\/404 brn|[from] brn
|turn|217

|inactive|You have 150 seconds to make your decision.


|choice|move 2|
|
|switch|p2a: Vaporeon|Vaporeon, M|94\/100
|move|p1a: Suicune|Calm Mind|p1a: Suicune
|-boost|p1a: Suicune|spa|1
|-boost|p1a: Suicune|spd|1
|
|-heal|p1a: Suicune|379\/404 brn|[from] item: Leftovers
|-damage|p1a: Suicune|329\/404 brn|[from] brn
|turn|218

|inactive|You have 150 seconds to make your decision.


|choice|switch 3|
|
|switch|p1a: Azumarill|Azumarill, M|316\/404
|switch|p2a: Shedinja|Shedinja|100\/100
|
|turn|219

|inactive|You have 150 seconds to make your decision.


|choice|switch 4|
|
|switch|p1a: Sableye|Sableye-Mega, M|190\/303
|move|p2a: Shedinja|Baton Pass|p2a: Shedinja


|choice||
|
|switch|p2a: Talonflame|Talonflame, M|69\/100
|
|-heal|p2a: Talonflame|75\/100|[from] item: Leftovers
|turn|220

|inactive|You have 150 seconds to make your decision.


|choice|move 3|
|
|switch|p2a: Sableye|Sableye-Mega, M|87\/100
|move|p1a: Sableye|Knock Off|p2a: Sableye
|-damage|p2a: Sableye|72\/100
|
|turn|221

|inactive|You have 150 seconds to make your decision.


|choice|switch 2|
|
|switch|p2a: Vaporeon|Vaporeon, M|94\/100
|switch|p1a: Quagsire|Quagsire, M|220\/394
|
|-heal|p1a: Quagsire|244\/394|[from] item: Leftovers
|turn|222

|inactive|You have 150 seconds to make your decision.


|choice|switch 4|
|
|switch|p2a: Sableye|Sableye-Mega, M|72\/100
|switch|p1a: Azumarill|Azumarill, M|316\/404
|
|turn|223

|inactive|You have 150 seconds to make your decision.


|choice|switch 3|
|
|switch|p1a: Suicune|Suicune|329\/404 brn
|-ability|p1a: Suicune|Pressure
|move|p2a: Sableye|Shadow Ball|p1a: Suicune
|-damage|p1a: Suicune|254\/404 brn
|
|-heal|p1a: Suicune|279\/404 brn|[from] item: Leftovers
|-damage|p1a: Suicune|229\/404 brn|[from] brn
|turn|224

|inactive|You have 150 seconds to make your decision.


|choice|move 3|
|
|switch|p2a: Mew|Mew|100\/100
|move|p1a: Suicune|Rest|p1a: Suicune
|-status|p1a: Suicune|slp
|-heal|p1a: Suicune|404\/404 slp|[silent]
|-status|p1a: Suicune|slp|[from] move: Rest
|
|turn|225

|inactive|You have 150 seconds to make your decision.


|choice|switch 6|
|
|switch|p1a: Chansey|Chansey, F|570\/703
|move|p2a: Mew|Knock Off|p1a: Chansey
|-damage|p1a: Chansey|477\/703
|
|turn|226

|inactive|You have 150 seconds to make your decision.


|choice|switch 6|
|
|switch|p1a: Suicune|Suicune|404\/404 slp
|-ability|p1a: Suicune|Pressure
|move|p2a: Mew|Will-O-Wisp|p1a: Suicune
|-fail|p1a: Suicune
|
|turn|227

|inactive|You have 150 seconds to make your decision.


|choice|switch 2|
|
|switch|p1a: Sableye|Sableye-Mega, M|190\/303
|move|p2a: Mew|Knock Off|p1a: Sableye
|-damage|p1a: Sableye|152\/303
|
|turn|228

|inactive|You have 150 seconds to make your decision.


|choice|move 4|
|
|move|p2a: Mew|Knock Off|p1a: Sableye
|-crit|p1a: Sableye
|-damage|p1a: Sableye|101\/303
|move|p1a: Sableye|Recover|p1a: Sableye
|-heal|p1a: Sableye|253\/303
|
|turn|229

|inactive|You have 150 seconds to make your decision.


|choice|switch 6|
|
|switch|p1a: Chansey|Chansey, F|477\/703
|move|p2a: Mew|Knock Off|p1a: Chansey
|-damage|p1a: Chansey|381\/703
|
|turn|230

|inactive|You have 150 seconds to make your decision.


|choice|switch 2|
|
|switch|p1a: Suicune|Suicune|404\/404 slp
|-ability|p1a: Suicune|Pressure
|move|p2a: Mew|Knock Off|p1a: Suicune
|-damage|p1a: Suicune|354\/404 slp
|-enditem|p1a: Suicune|Leftovers|[from] move: Knock Off|[of] p2a: Mew
|
|turn|231

|inactive|You have 150 seconds to make your decision.


|choice|move 2|
|
|switch|p2a: Shedinja|Shedinja|100\/100
|cant|p1a: Suicune|slp
|
|turn|232

|inactive|You have 150 seconds to make your decision.


|choice|move 2|
|
|cant|p1a: Suicune|slp
|move|p2a: Shedinja|X-Scissor|p1a: Suicune
|-damage|p1a: Suicune|279\/404 slp
|
|turn|233

|inactive|You have 150 seconds to make your decision.


|choice|switch 3|
|
|switch|p1a: Azumarill|Azumarill, M|316\/404
|move|p2a: Shedinja|X-Scissor|p1a: Azumarill
|-resisted|p1a: Azumarill
|-damage|p1a: Azumarill|268\/404
|
|turn|234

|inactive|You have 150 seconds to make your decision.


|choice|switch 2|
|
|switch|p1a: Chansey|Chansey, F|381\/703
|move|p2a: Shedinja|Baton Pass|p2a: Shedinja


|choice||
|
|switch|p2a: Mew|Mew|100\/100
|
|turn|235

|inactive|You have 150 seconds to make your decision.


|choice|switch 3|
|
|switch|p2a: Sableye|Sableye-Mega, M|72\/100
|switch|p1a: Suicune|Suicune|279\/404 slp
|-ability|p1a: Suicune|Pressure
|
|turn|236

|inactive|You have 150 seconds to make your decision.


|choice|move 4|
|
|switch|p2a: Shedinja|Shedinja|100\/100
|-curestatus|p1a: Suicune|slp
|move|p1a: Suicune|Roar|p2a: Shedinja
|drag|p2a: Mew|Mew|100\/100
|
|turn|237

|inactive|You have 150 seconds to make your decision.


|choice|switch 6|
|
|switch|p2a: Shedinja|Shedinja|100\/100
|switch|p1a: Sableye|Sableye-Mega, M|253\/303
|
|turn|238

|inactive|You have 150 seconds to make your decision.


|choice|switch 2|
|
|switch|p1a: Azumarill|Azumarill, M|268\/404
|move|p2a: Shedinja|Baton Pass|p2a: Shedinja


|choice||
|
|switch|p2a: Sableye|Sableye-Mega, M|72\/100
|
|turn|239

|inactive|You have 150 seconds to make your decision.


|choice|switch 2|
|
|switch|p1a: Sableye|Sableye-Mega, M|253\/303
|move|p2a: Sableye|Calm Mind|p2a: Sableye
|-boost|p2a: Sableye|spa|1
|-boost|p2a: Sableye|spd|1
|
|turn|240

|inactive|You have 150 seconds to make your decision.


|choice|switch 6|
|
|switch|p1a: Suicune|Suicune|279\/404
|-ability|p1a: Suicune|Pressure
|move|p2a: Sableye|Calm Mind|p2a: Sableye
|-boost|p2a: Sableye|spa|1
|-boost|p2a: Sableye|spd|1
|
|turn|241

|inactive|You have 150 seconds to make your decision.


|choice|move 2|
|
|move|p1a: Suicune|Calm Mind|p1a: Suicune
|-boost|p1a: Suicune|spa|1
|-boost|p1a: Suicune|spd|1
|move|p2a: Sableye|Shadow Ball|p1a: Suicune
|-damage|p1a: Suicune|186\/404
|-unboost|p1a: Suicune|spd|1
|
|turn|242

|inactive|You have 150 seconds to make your decision.


|choice|move 2|
|
|move|p1a: Suicune|Calm Mind|p1a: Suicune
|-boost|p1a: Suicune|spa|1
|-boost|p1a: Suicune|spd|1
|move|p2a: Sableye|Calm Mind|p2a: Sableye
|-boost|p2a: Sableye|spa|1
|-boost|p2a: Sableye|spd|1
|
|turn|243

|inactive|You have 150 seconds to make your decision.


|choice|move 2|
|
|move|p1a: Suicune|Calm Mind|p1a: Suicune
|-boost|p1a: Suicune|spa|1
|-boost|p1a: Suicune|spd|1
|move|p2a: Sableye|Calm Mind|p2a: Sableye
|-boost|p2a: Sableye|spa|1
|-boost|p2a: Sableye|spd|1
|
|turn|244

|inactive|You have 150 seconds to make your decision.


|choice|move 3|
|
|move|p1a: Suicune|Rest|p1a: Suicune
|-status|p1a: Suicune|slp
|-heal|p1a: Suicune|404\/404 slp|[silent]
|-status|p1a: Suicune|slp|[from] move: Rest
|move|p2a: Sableye|Shadow Ball|p1a: Suicune
|-crit|p1a: Suicune
|-damage|p1a: Suicune|95\/404 slp
|-unboost|p1a: Suicune|spd|1
|
|turn|245

|inactive|You have 150 seconds to make your decision.


|choice|switch 3|
|
|switch|p1a: Chansey|Chansey, F|381\/703
|move|p2a: Sableye|Will-O-Wisp|p1a: Chansey
|-status|p1a: Chansey|brn
|
|-damage|p1a: Chansey|294\/703 brn|[from] brn
|turn|246

|inactive|You have 150 seconds to make your decision.


|choice|move 3|
|
|move|p1a: Chansey|Soft-Boiled|p1a: Chansey
|-heal|p1a: Chansey|646\/703 brn
|move|p2a: Sableye|Recover|p2a: Sableye
|-heal|p2a: Sableye|100\/100
|
|-damage|p1a: Chansey|559\/703 brn|[from] brn
|turn|247

|inactive|You have 150 seconds to make your decision.


|choice|switch 4|
|
|-curestatus|p1a: Chansey|brn|[from] ability: Natural Cure
|switch|p1a: Quagsire|Quagsire, M|244\/394
|move|p2a: Sableye|Will-O-Wisp|p1a: Quagsire
|-status|p1a: Quagsire|brn
|
|-heal|p1a: Quagsire|268\/394 brn|[from] item: Leftovers
|-damage|p1a: Quagsire|219\/394 brn|[from] brn
|turn|248

|inactive|You have 150 seconds to make your decision.


|choice|move 3|
|
|move|p1a: Quagsire|Recover|p1a: Quagsire
|-heal|p1a: Quagsire|394\/394 brn
|move|p2a: Sableye|Shadow Ball|p1a: Quagsire
|-damage|p1a: Quagsire|285\/394 brn
|
|-heal|p1a: Quagsire|309\/394 brn|[from] item: Leftovers
|-damage|p1a: Quagsire|260\/394 brn|[from] brn
|turn|249

|inactive|You have 150 seconds to make your decision.


|choice|switch 4|
|
|switch|p1a: Chansey|Chansey, F|559\/703
|move|p2a: Sableye|Shadow Ball|p1a: Chansey
|-immune|p1a: Chansey|[msg]
|
|turn|250

|inactive|You have 150 seconds to make your decision.


|choice|move 2|
|
|move|p1a: Chansey|Seismic Toss|p2a: Sableye
|-immune|p2a: Sableye|[msg]
|move|p2a: Sableye|Shadow Ball|p1a: Chansey
|-immune|p1a: Chansey|[msg]
|
|turn|251

|inactive|You have 150 seconds to make your decision.


|choice|switch 6|
|
|switch|p1a: Sableye|Sableye-Mega, M|253\/303
|move|p2a: Sableye|Shadow Ball|p1a: Sableye
|-damage|p1a: Sableye|72\/303
|-unboost|p1a: Sableye|spd|1
|
|turn|252

|inactive|You have 150 seconds to make your decision.


|choice|switch 5|
|
|switch|p2a: Mew|Mew|100\/100
|switch|p1a: Skarmory|Skarmory, M|292\/333
|
|turn|253

|inactive|You have 150 seconds to make your decision.


|choice|switch 6|
|
|switch|p1a: Chansey|Chansey, F|559\/703
|move|p2a: Mew|Will-O-Wisp|p1a: Chansey
|-status|p1a: Chansey|brn
|
|-damage|p1a: Chansey|472\/703 brn|[from] brn
|turn|254

|inactive|You have 150 seconds to make your decision.


|choice|move 4|
|
|move|p2a: Mew|Knock Off|p1a: Chansey
|-damage|p1a: Chansey|373\/703 brn
|move|p1a: Chansey|Heal Bell|p1a: Chansey
|-cureteam|p1a: Chansey|[from] move: Heal Bell
|
|turn|255

|inactive|You have 150 seconds to make your decision.


|choice|switch 6|
|
|switch|p1a: Skarmory|Skarmory, M|292\/333
|move|p2a: Mew|Will-O-Wisp|p1a: Skarmory
|-status|p1a: Skarmory|brn
|
|-damage|p1a: Skarmory|251\/333 brn|[from] brn
|turn|256

|inactive|You have 150 seconds to make your decision.


|choice|switch 3|
|
|switch|p2a: Sableye|Sableye-Mega, M|100\/100
|switch|p1a: Suicune|Suicune|95\/404
|-ability|p1a: Suicune|Pressure
|
|turn|257

|inactive|You have 150 seconds to make your decision.


|choice|move 3|
|
|move|p1a: Suicune|Rest|p1a: Suicune
|-status|p1a: Suicune|slp
|-heal|p1a: Suicune|404\/404 slp|[silent]
|-status|p1a: Suicune|slp|[from] move: Rest
|move|p2a: Sableye|Calm Mind|p2a: Sableye
|-boost|p2a: Sableye|spa|1
|-boost|p2a: Sableye|spd|1
|
|turn|258

|inactive|You have 150 seconds to make your decision.


|choice|switch 4|
|
|switch|p1a: Quagsire|Quagsire, M|260\/394
|switch|p2a: Talonflame|Talonflame, M|75\/100
|
|-heal|p2a: Talonflame|82\/100|[from] item: Leftovers
|-heal|p1a: Quagsire|284\/394|[from] item: Leftovers
|turn|259

|inactive|You have 150 seconds to make your decision.


|choice|move 1|
|
|switch|p2a: Sableye|Sableye-Mega, M|100\/100
|move|p1a: Quagsire|Scald|p2a: Sableye
|-damage|p2a: Sableye|80\/100
|-status|p2a: Sableye|brn
|
|-heal|p1a: Quagsire|308\/394|[from] item: Leftovers
|-damage|p2a: Sableye|68\/100 brn|[from] brn
|turn|260

|inactive|You have 150 seconds to make your decision.


|choice|switch 5|
|
|switch|p1a: Sableye|Sableye-Mega, M|72\/303
|switch|p2a: Mew|Mew|100\/100
|
|turn|261

|inactive|You have 150 seconds to make your decision.


|choice|move 4|
|
|move|p2a: Mew|Will-O-Wisp|p1a: Sableye
|move|p1a: Sableye|Will-O-Wisp|p2a: Mew|[from]Magic Bounce
|-status|p2a: Mew|brn
|-status|p1a: Sableye|brn|[from] ability: Synchronize|[of] p2a: Mew
|move|p1a: Sableye|Recover|p1a: Sableye
|-heal|p1a: Sableye|224\/303 brn
|
|-damage|p2a: Mew|88\/100 brn|[from] brn
|-damage|p1a: Sableye|187\/303 brn|[from] brn
|turn|262

|inactive|You have 150 seconds to make your decision.


|choice|switch 4|
|
|switch|p2a: Vaporeon|Vaporeon, M|94\/100
|switch|p1a: Suicune|Suicune|404\/404 slp
|-ability|p1a: Suicune|Pressure
|
|turn|263

|inactive|You have 150 seconds to make your decision.


|choice|move 2|
|
|cant|p1a: Suicune|slp
|move|p2a: Vaporeon|Heal Bell|p2a: Vaporeon
|-cureteam|p2a: Vaporeon|[from] move: Heal Bell
|
|turn|264

|inactive|You have 150 seconds to make your decision.


|choice|move 2|
|
|cant|p1a: Suicune|slp
|move|p2a: Vaporeon|Wish|p2a: Vaporeon
|
|turn|265

|inactive|You have 150 seconds to make your decision.


|choice|move 1|
|
|switch|p2a: Shedinja|Shedinja|100\/100
|-curestatus|p1a: Suicune|slp
|move|p1a: Suicune|Scald|p2a: Shedinja
|-activate|p2a: Shedinja|ability: Wonder Guard
|
|turn|266

|inactive|You have 150 seconds to make your decision.


|choice|switch 2|
|
|switch|p1a: Azumarill|Azumarill, M|268\/404
|move|p2a: Shedinja|Baton Pass|p2a: Shedinja


|choice||
|
|switch|p2a: Sableye|Sableye-Mega, M|68\/100
|
|turn|267

|inactive|You have 150 seconds to make your decision.


|choice|switch 2|
|
|switch|p1a: Suicune|Suicune|404\/404
|-ability|p1a: Suicune|Pressure
|move|p2a: Sableye|Recover|p2a: Sableye
|-heal|p2a: Sableye|100\/100
|
|turn|268

|inactive|You have 150 seconds to make your decision.


|choice|move 4|
|
|switch|p2a: Shedinja|Shedinja|100\/100
|move|p1a: Suicune|Roar|p2a: Shedinja
|drag|p2a: Vaporeon|Vaporeon, M|94\/100
|
|turn|269

|inactive|You have 150 seconds to make your decision.


|choice|switch 2|
|
|switch|p1a: Azumarill|Azumarill, M|268\/404
|move|p2a: Vaporeon|Scald|p1a: Azumarill
|-resisted|p1a: Azumarill
|-damage|p1a: Azumarill|207\/404
|-status|p1a: Azumarill|brn
|
|-damage|p1a: Azumarill|157\/404 brn|[from] brn
|turn|270

|inactive|You have 150 seconds to make your decision.


|choice|move 3|
|
|switch|p2a: Talonflame|Talonflame, M|82\/100
|move|p1a: Azumarill|Rest|p1a: Azumarill
|-status|p1a: Azumarill|slp
|-heal|p1a: Azumarill|404\/404 slp|[silent]
|-status|p1a: Azumarill|slp|[from] move: Rest
|
|-heal|p2a: Talonflame|88\/100|[from] item: Leftovers
|turn|271

|inactive|You have 150 seconds to make your decision.


|choice|switch 5|
|
|switch|p1a: Quagsire|Quagsire, M|308\/394
|move|p2a: Talonflame|Bulk Up|p2a: Talonflame
|-boost|p2a: Talonflame|atk|1
|-boost|p2a: Talonflame|def|1
|
|-heal|p2a: Talonflame|94\/100|[from] item: Leftovers
|-heal|p1a: Quagsire|332\/394|[from] item: Leftovers
|turn|272

|inactive|You have 150 seconds to make your decision.


|choice|move 1|
|
|move|p2a: Talonflame|Will-O-Wisp|p1a: Quagsire
|-status|p1a: Quagsire|brn
|move|p1a: Quagsire|Scald|p2a: Talonflame
|-supereffective|p2a: Talonflame
|-damage|p2a: Talonflame|62\/100
|
|-heal|p2a: Talonflame|68\/100|[from] item: Leftovers
|-heal|p1a: Quagsire|356\/394 brn|[from] item: Leftovers
|-damage|p1a: Quagsire|307\/394 brn|[from] brn
|turn|273

|inactive|You have 150 seconds to make your decision.


|choice|move 2|
|
|switch|p2a: Vaporeon|Vaporeon, M|94\/100
|move|p1a: Quagsire|Toxic|p2a: Vaporeon
|-status|p2a: Vaporeon|tox
|
|-heal|p1a: Quagsire|331\/394 brn|[from] item: Leftovers
|-damage|p2a: Vaporeon|88\/100 tox|[from] psn
|-damage|p1a: Quagsire|282\/394 brn|[from] brn
|turn|274

|inactive|You have 150 seconds to make your decision.


|choice|switch 5|
|
|switch|p2a: Talonflame|Talonflame, M|68\/100
|switch|p1a: Azumarill|Azumarill, M|404\/404 slp
|
|-heal|p2a: Talonflame|74\/100|[from] item: Leftovers
|turn|275

|inactive|You have 150 seconds to make your decision.


|choice|switch 5|
|
|switch|p1a: Quagsire|Quagsire, M|282\/394 brn
|move|p2a: Talonflame|Brave Bird|p1a: Quagsire
|-damage|p1a: Quagsire|185\/394 brn
|-damage|p2a: Talonflame|65\/100|[from] recoil|[of] p1a: Quagsire
|
|-heal|p2a: Talonflame|72\/100|[from] item: Leftovers
|-heal|p1a: Quagsire|209\/394 brn|[from] item: Leftovers
|-damage|p1a: Quagsire|160\/394 brn|[from] brn
|turn|276

|inactive|You have 150 seconds to make your decision.


|choice|move 3|
|
|move|p2a: Talonflame|Brave Bird|p1a: Quagsire
|-damage|p1a: Quagsire|63\/394 brn
|-damage|p2a: Talonflame|63\/100|[from] recoil|[of] p1a: Quagsire
|move|p1a: Quagsire|Recover|p1a: Quagsire
|-heal|p1a: Quagsire|260\/394 brn
|
|-heal|p2a: Talonflame|69\/100|[from] item: Leftovers
|-heal|p1a: Quagsire|284\/394 brn|[from] item: Leftovers
|-damage|p1a: Quagsire|235\/394 brn|[from] brn
|turn|277

|inactive|You have 150 seconds to make your decision.


|choice|move 3|
|
|switch|p2a: Vaporeon|Vaporeon, M|88\/100 tox
|move|p1a: Quagsire|Recover|p1a: Quagsire
|-heal|p1a: Quagsire|394\/394 brn
|
|-damage|p2a: Vaporeon|82\/100 tox|[from] psn
|-damage|p1a: Quagsire|345\/394 brn|[from] brn
|turn|278

|inactive|You have 150 seconds to make your decision.


|choice|switch 5|
|
|switch|p2a: Talonflame|Talonflame, M|69\/100
|switch|p1a: Azumarill|Azumarill, M|404\/404 slp
|
|-heal|p2a: Talonflame|75\/100|[from] item: Leftovers
|turn|279

|inactive|You have 150 seconds to make your decision.


|choice|switch 2|
|
|switch|p1a: Suicune|Suicune|404\/404
|-ability|p1a: Suicune|Pressure
|move|p2a: Talonflame|Bulk Up|p2a: Talonflame
|-boost|p2a: Talonflame|atk|1
|-boost|p2a: Talonflame|def|1
|
|-heal|p2a: Talonflame|81\/100|[from] item: Leftovers
|turn|280

|inactive|You have 150 seconds to make your decision.


|choice|move 4|
|
|move|p2a: Talonflame|Brave Bird|p1a: Suicune
|-damage|p1a: Suicune|289\/404
|-damage|p2a: Talonflame|70\/100|[from] recoil|[of] p1a: Suicune
|move|p1a: Suicune|Roar|p2a: Talonflame
|drag|p2a: Vaporeon|Vaporeon, M|82\/100 tox
|
|-damage|p2a: Vaporeon|75\/100 tox|[from] psn
|turn|281

|inactive|You have 150 seconds to make your decision.


|choice|switch 6|
|
|switch|p1a: Chansey|Chansey, F|373\/703
|move|p2a: Vaporeon|Wish|p2a: Vaporeon
|
|-damage|p2a: Vaporeon|63\/100 tox|[from] psn
|turn|282

|inactive|You have 150 seconds to make your decision.


|choice|move 3|
|
|move|p2a: Vaporeon|Scald|p1a: Chansey
|-damage|p1a: Chansey|279\/703
|move|p1a: Chansey|Soft-Boiled|p1a: Chansey
|-heal|p1a: Chansey|631\/703
|
|-heal|p2a: Vaporeon|100\/100 tox|[from] move: Wish|[wisher] Vaporeon
|-damage|p2a: Vaporeon|82\/100 tox|[from] psn
|turn|283

|inactive|You have 150 seconds to make your decision.


|choice|switch 2|
|
|switch|p2a: Mew|Mew|88\/100
|switch|p1a: Azumarill|Azumarill, M|404\/404 slp
|
|turn|284

|inactive|You have 150 seconds to make your decision.


|choice|move 2|
|
|switch|p2a: Talonflame|Talonflame, M|70\/100
|cant|p1a: Azumarill|slp
|
|-heal|p2a: Talonflame|77\/100|[from] item: Leftovers
|turn|285

|inactive|You have 150 seconds to make your decision.


|choice|switch 5|
|
|switch|p1a: Quagsire|Quagsire, M|345\/394 brn
|move|p2a: Talonflame|Brave Bird|p1a: Quagsire
|-crit|p1a: Quagsire
|-damage|p1a: Quagsire|204\/394 brn
|-damage|p2a: Talonflame|63\/100|[from] recoil|[of] p1a: Quagsire
|
|-heal|p2a: Talonflame|70\/100|[from] item: Leftovers
|-heal|p1a: Quagsire|228\/394 brn|[from] item: Leftovers
|-damage|p1a: Quagsire|179\/394 brn|[from] brn
|turn|286

|inactive|You have 150 seconds to make your decision.


|choice|move 3|
|
|move|p2a: Talonflame|Brave Bird|p1a: Quagsire
|-damage|p1a: Quagsire|85\/394 brn
|-damage|p2a: Talonflame|61\/100|[from] recoil|[of] p1a: Quagsire
|move|p1a: Quagsire|Recover|p1a: Quagsire
|-heal|p1a: Quagsire|282\/394 brn
|
|-heal|p2a: Talonflame|67\/100|[from] item: Leftovers
|-heal|p1a: Quagsire|306\/394 brn|[from] item: Leftovers
|-damage|p1a: Quagsire|257\/394 brn|[from] brn
|turn|287

|inactive|You have 150 seconds to make your decision.


|choice|move 3|
|
|switch|p2a: Vaporeon|Vaporeon, M|82\/100 tox
|move|p1a: Quagsire|Recover|p1a: Quagsire
|-heal|p1a: Quagsire|394\/394 brn
|
|-damage|p2a: Vaporeon|75\/100 tox|[from] psn
|-damage|p1a: Quagsire|345\/394 brn|[from] brn
|turn|288

|inactive|You have 150 seconds to make your decision.


|choice|switch 5|
|
|switch|p2a: Talonflame|Talonflame, M|67\/100
|switch|p1a: Azumarill|Azumarill, M|404\/404 slp
|
|-heal|p2a: Talonflame|73\/100|[from] item: Leftovers
|turn|289

|inactive|You have 150 seconds to make your decision.


|choice|move 2|
|
|move|p2a: Talonflame|Bulk Up|p2a: Talonflame
|-boost|p2a: Talonflame|atk|1
|-boost|p2a: Talonflame|def|1
|cant|p1a: Azumarill|slp
|
|-heal|p2a: Talonflame|79\/100|[from] item: Leftovers
|turn|290

|inactive|You have 150 seconds to make your decision.


|choice|move 2|
|
|move|p2a: Talonflame|Brave Bird|p1a: Azumarill
|-damage|p1a: Azumarill|260\/404 slp
|-damage|p2a: Talonflame|66\/100|[from] recoil|[of] p1a: Azumarill
|-curestatus|p1a: Azumarill|slp
|move|p1a: Azumarill|Toxic|p2a: Talonflame|[miss]
|-miss|p1a: Azumarill|p2a: Talonflame
|
|-heal|p2a: Talonflame|72\/100|[from] item: Leftovers
|turn|291

|inactive|You have 150 seconds to make your decision.


|choice|switch 3|
|
|switch|p2a: Sableye|Sableye-Mega, M|100\/100
|switch|p1a: Skarmory|Skarmory, M|251\/333 brn
|
|-damage|p1a: Skarmory|210\/333 brn|[from] brn
|turn|292

|inactive|You have 150 seconds to make your decision.


|choice|switch 2|
|
|switch|p1a: Chansey|Chansey, F|631\/703
|switch|p2a: Mew|Mew|88\/100
|
|turn|293

|inactive|You have 150 seconds to make your decision.


|choice|switch 6|
|
|switch|p1a: Suicune|Suicune|289\/404
|-ability|p1a: Suicune|Pressure
|move|p2a: Mew|Will-O-Wisp|p1a: Suicune|[miss]
|-miss|p2a: Mew|p1a: Suicune
|
|turn|294

|inactive|You have 150 seconds to make your decision.


|choice|switch 4|
|
|switch|p2a: Shedinja|Shedinja|100\/100
|switch|p1a: Sableye|Sableye-Mega, M|187\/303 brn
|
|-damage|p1a: Sableye|150\/303 brn|[from] brn
|turn|295

|inactive|You have 150 seconds to make your decision.


|choice|move 4|
|
|move|p2a: Shedinja|X-Scissor|p1a: Sableye
|-damage|p1a: Sableye|63\/303 brn
|move|p1a: Sableye|Recover|p1a: Sableye
|-heal|p1a: Sableye|215\/303 brn
|
|-damage|p1a: Sableye|178\/303 brn|[from] brn
|turn|296

|inactive|You have 150 seconds to make your decision.


|choice|move 4|
|
|move|p2a: Shedinja|X-Scissor|p1a: Sableye
|-damage|p1a: Sableye|90\/303 brn
|move|p1a: Sableye|Recover|p1a: Sableye
|-heal|p1a: Sableye|242\/303 brn
|
|-damage|p1a: Sableye|205\/303 brn|[from] brn
|turn|297

|inactive|You have 150 seconds to make your decision.


|choice|switch 3|
|
|switch|p1a: Azumarill|Azumarill, M|260\/404
|move|p2a: Shedinja|Baton Pass|p2a: Shedinja


|choice||
|
|switch|p2a: Sableye|Sableye-Mega, M|100\/100
|
|turn|298

|inactive|You have 150 seconds to make your decision.


|choice|switch 4|
|
|switch|p1a: Suicune|Suicune|289\/404
|-ability|p1a: Suicune|Pressure
|move|p2a: Sableye|Will-O-Wisp|p1a: Suicune
|-status|p1a: Suicune|brn
|
|-damage|p1a: Suicune|239\/404 brn|[from] brn
|turn|299

|inactive|You have 150 seconds to make your decision.


|choice|move 2|
|
|switch|p2a: Shedinja|Shedinja|100\/100
|move|p1a: Suicune|Calm Mind|p1a: Suicune
|-boost|p1a: Suicune|spa|1
|-boost|p1a: Suicune|spd|1
|
|-damage|p1a: Suicune|189\/404 brn|[from] brn
|turn|300

|inactive|You have 150 seconds to make your decision.


|choice|move 3|
|
|move|p1a: Suicune|Rest|p1a: Suicune
|-status|p1a: Suicune|slp
|-heal|p1a: Suicune|404\/404 slp|[silent]
|-status|p1a: Suicune|slp|[from] move: Rest
|move|p2a: Shedinja|Baton Pass|p2a: Shedinja


|choice||
|
|switch|p2a: Talonflame|Talonflame, M|72\/100
|
|-heal|p2a: Talonflame|78\/100|[from] item: Leftovers
|turn|301

|inactive|You have 150 seconds to make your decision.


|choice|switch 5|
|
|switch|p1a: Quagsire|Quagsire, M|345\/394 brn
|move|p2a: Talonflame|Bulk Up|p2a: Talonflame
|-boost|p2a: Talonflame|atk|1
|-boost|p2a: Talonflame|def|1
|
|-heal|p2a: Talonflame|84\/100|[from] item: Leftovers
|-heal|p1a: Quagsire|369\/394 brn|[from] item: Leftovers
|-damage|p1a: Quagsire|320\/394 brn|[from] brn
|turn|302

|inactive|You have 150 seconds to make your decision.


|choice|move 2|
|
|switch|p2a: Vaporeon|Vaporeon, M|75\/100 tox
|move|p1a: Quagsire|Toxic|p2a: Vaporeon
|-fail|p2a: Vaporeon|tox
|
|-heal|p1a: Quagsire|344\/394 brn|[from] item: Leftovers
|-damage|p2a: Vaporeon|69\/100 tox|[from] psn
|-damage|p1a: Quagsire|295\/394 brn|[from] brn
|turn|303

|inactive|You have 150 seconds to make your decision.


|choice|switch 5|
|
|switch|p2a: Talonflame|Talonflame, M|84\/100
|switch|p1a: Suicune|Suicune|404\/404 slp
|-ability|p1a: Suicune|Pressure
|
|-heal|p2a: Talonflame|90\/100|[from] item: Leftovers
|turn|304

|inactive|You have 150 seconds to make your decision.


|choice|switch 5|
|
|switch|p1a: Quagsire|Quagsire, M|295\/394 brn
|move|p2a: Talonflame|Bulk Up|p2a: Talonflame
|-boost|p2a: Talonflame|atk|1
|-boost|p2a: Talonflame|def|1
|
|-heal|p2a: Talonflame|97\/100|[from] item: Leftovers
|-heal|p1a: Quagsire|319\/394 brn|[from] item: Leftovers
|-damage|p1a: Quagsire|270\/394 brn|[from] brn
|turn|305

|inactive|You have 150 seconds to make your decision.


|choice|move 2|
|
|move|p2a: Talonflame|Brave Bird|p1a: Quagsire
|-damage|p1a: Quagsire|176\/394 brn
|-damage|p2a: Talonflame|88\/100|[from] recoil|[of] p1a: Quagsire
|move|p1a: Quagsire|Toxic|p2a: Talonflame
|-status|p2a: Talonflame|tox
|
|-heal|p2a: Talonflame|94\/100 tox|[from] item: Leftovers
|-heal|p1a: Quagsire|200\/394 brn|[from] item: Leftovers
|-damage|p2a: Talonflame|88\/100 tox|[from] psn
|-damage|p1a: Quagsire|151\/394 brn|[from] brn
|turn|306

|inactive|You have 150 seconds to make your decision.


|choice|move 3|
|
|move|p2a: Talonflame|Brave Bird|p1a: Quagsire
|-damage|p1a: Quagsire|55\/394 brn
|-damage|p2a: Talonflame|79\/100 tox|[from] recoil|[of] p1a: Quagsire
|move|p1a: Quagsire|Recover|p1a: Quagsire
|-heal|p1a: Quagsire|252\/394 brn
|
|-heal|p2a: Talonflame|85\/100 tox|[from] item: Leftovers
|-heal|p1a: Quagsire|276\/394 brn|[from] item: Leftovers
|-damage|p2a: Talonflame|73\/100 tox|[from] psn
|-damage|p1a: Quagsire|227\/394 brn|[from] brn
|turn|307

|inactive|You have 150 seconds to make your decision.


|choice|move 3|
|
|move|p2a: Talonflame|Brave Bird|p1a: Quagsire
|-damage|p1a: Quagsire|137\/394 brn
|-damage|p2a: Talonflame|65\/100 tox|[from] recoil|[of] p1a: Quagsire
|move|p1a: Quagsire|Recover|p1a: Quagsire
|-heal|p1a: Quagsire|334\/394 brn
|
|-heal|p2a: Talonflame|71\/100 tox|[from] item: Leftovers
|-heal|p1a: Quagsire|358\/394 brn|[from] item: Leftovers
|-damage|p2a: Talonflame|52\/100 tox|[from] psn
|-damage|p1a: Quagsire|309\/394 brn|[from] brn
|turn|308

|inactive|You have 150 seconds to make your decision.


|choice|switch 6|
|
|switch|p2a: Vaporeon|Vaporeon, M|69\/100 tox
|switch|p1a: Chansey|Chansey, F|631\/703
|
|-damage|p2a: Vaporeon|63\/100 tox|[from] psn
|turn|309

|inactive|You have 150 seconds to make your decision.


|choice|move 4|
|
|move|p2a: Vaporeon|Wish|p2a: Vaporeon
|move|p1a: Chansey|Heal Bell|p1a: Chansey
|-cureteam|p1a: Chansey|[from] move: Heal Bell
|
|-damage|p2a: Vaporeon|50\/100 tox|[from] psn
|turn|310

|inactive|You have 150 seconds to make your decision.


|choice|move 2|
|
|move|p2a: Vaporeon|Heal Bell|p2a: Vaporeon
|-cureteam|p2a: Vaporeon|[from] move: Heal Bell
|move|p1a: Chansey|Seismic Toss|p2a: Vaporeon
|-damage|p2a: Vaporeon|29\/100
|
|-heal|p2a: Vaporeon|79\/100|[from] move: Wish|[wisher] Vaporeon
|turn|311

|inactive|You have 150 seconds to make your decision.


|choice|switch 5|
|
|switch|p1a: Suicune|Suicune|404\/404
|-ability|p1a: Suicune|Pressure
|move|p2a: Vaporeon|Scald|p1a: Suicune
|-resisted|p1a: Suicune
|-damage|p1a: Suicune|362\/404
|
|turn|312

|inactive|You have 150 seconds to make your decision.


|choice|move 2|
|
|switch|p2a: Shedinja|Shedinja|100\/100
|move|p1a: Suicune|Calm Mind|p1a: Suicune
|-boost|p1a: Suicune|spa|1
|-boost|p1a: Suicune|spd|1
|
|turn|313

|inactive|You have 150 seconds to make your decision.


|choice|switch 3|
|
|switch|p1a: Sableye|Sableye-Mega, M|205\/303
|move|p2a: Shedinja|Shadow Sneak|p1a: Sableye
|-damage|p1a: Sableye|162\/303
|
|turn|314

|inactive|You have 150 seconds to make your decision.


|choice|move 4|
|
|move|p2a: Shedinja|Baton Pass|p2a: Shedinja


|choice||
|
|switch|p2a: Sableye|Sableye-Mega, M|100\/100
|move|p1a: Sableye|Recover|p1a: Sableye
|-heal|p1a: Sableye|303\/303
|
|turn|315

|inactive|You have 150 seconds to make your decision.


|choice|switch 3|
|
|switch|p1a: Suicune|Suicune|362\/404
|-ability|p1a: Suicune|Pressure
|switch|p2a: Vaporeon|Vaporeon, M|79\/100
|
|turn|316

|inactive|You have 150 seconds to make your decision.


|choice|switch 4|
|
|switch|p1a: Azumarill|Azumarill, M|260\/404
|switch|p2a: Shedinja|Shedinja|100\/100
|
|turn|317

|inactive|You have 150 seconds to make your decision.


|choice|switch 4|
|
|switch|p1a: Suicune|Suicune|362\/404
|-ability|p1a: Suicune|Pressure
|move|p2a: Shedinja|Baton Pass|p2a: Shedinja


|choice||
|
|switch|p2a: Vaporeon|Vaporeon, M|79\/100
|
|turn|318

|inactive|You have 150 seconds to make your decision.


|choice|switch 4|
|
|switch|p1a: Azumarill|Azumarill, M|260\/404
|move|p2a: Vaporeon|Wish|p2a: Vaporeon
|
|turn|319

|inactive|You have 150 seconds to make your decision.


|choice|switch 5|
|
|switch|p2a: Sableye|Sableye-Mega, M|100\/100
|switch|p1a: Chansey|Chansey, F|631\/703
|
|turn|320

|inactive|You have 150 seconds to make your decision.


|choice|switch 3|
|
|switch|p1a: Sableye|Sableye-Mega, M|303\/303
|switch|p2a: Mew|Mew|88\/100
|
|turn|321

|inactive|You have 150 seconds to make your decision.


|choice|move 2|
|
|switch|p2a: Sableye|Sableye-Mega, M|100\/100
|move|p1a: Sableye|Fake Out|p2a: Sableye
|-immune|p2a: Sableye|[msg]
|
|turn|322

|inactive|You have 150 seconds to make your decision.


|choice|switch 4|
|
|switch|p1a: Suicune|Suicune|362\/404
|-ability|p1a: Suicune|Pressure
|switch|p2a: Mew|Mew|88\/100
|
|turn|323

|inactive|You have 150 seconds to make your decision.


|choice|move 1|
|
|switch|p2a: Shedinja|Shedinja|100\/100
|move|p1a: Suicune|Scald|p2a: Shedinja
|-activate|p2a: Shedinja|ability: Wonder Guard
|
|turn|324

|inactive|You have 150 seconds to make your decision.


|choice|switch 4|
|
|switch|p1a: Sableye|Sableye-Mega, M|303\/303
|move|p2a: Shedinja|X-Scissor|p1a: Sableye
|-damage|p1a: Sableye|209\/303
|
|turn|325

|inactive|You have 150 seconds to make your decision.


|choice|move 3|
|
|move|p2a: Shedinja|Baton Pass|p2a: Shedinja


|choice||
|
|switch|p2a: Sableye|Sableye-Mega, M|100\/100
|move|p1a: Sableye|Knock Off|p2a: Sableye
|-damage|p2a: Sableye|86\/100
|
|turn|326

|inactive|You have 150 seconds to make your decision.


|choice|switch 4|
|
|switch|p2a: Mew|Mew|88\/100
|switch|p1a: Suicune|Suicune|362\/404
|-ability|p1a: Suicune|Pressure
|
|turn|327

|inactive|You have 150 seconds to make your decision.


|choice|switch 3|
|
|switch|p2a: Shedinja|Shedinja|100\/100
|switch|p1a: Chansey|Chansey, F|631\/703
|
|turn|328

|inactive|You have 150 seconds to make your decision.


|choice|switch 2|
|
|switch|p1a: Skarmory|Skarmory, M|210\/333
|move|p2a: Shedinja|X-Scissor|p1a: Skarmory
|-resisted|p1a: Skarmory
|-damage|p1a: Skarmory|193\/333
|
|turn|329

|inactive|You have 150 seconds to make your decision.


|choice|move 2|
|
|move|p1a: Skarmory|Roost|p1a: Skarmory
|-heal|p1a: Skarmory|333\/333
|move|p2a: Shedinja|Baton Pass|p2a: Shedinja


|choice||
|
|switch|p2a: Talonflame|Talonflame, M|52\/100
|
|-heal|p2a: Talonflame|58\/100|[from] item: Leftovers
|turn|330

|inactive|You have 150 seconds to make your decision.


|choice|move 1|
|
|move|p2a: Talonflame|Will-O-Wisp|p1a: Skarmory
|-status|p1a: Skarmory|brn
|move|p1a: Skarmory|Spikes|p2a: Talonflame
|-sidestart|p2: Zepereira|Spikes
|
|-heal|p2a: Talonflame|65\/100|[from] item: Leftovers
|-damage|p1a: Skarmory|292\/333 brn|[from] brn
|turn|331

|inactive|You have 150 seconds to make your decision.


|choice|switch 5|
|
|switch|p2a: Mew|Mew|88\/100
|-damage|p2a: Mew|76\/100|[from] Spikes
|switch|p1a: Azumarill|Azumarill, M|260\/404
|
|turn|332

|inactive|You have 150 seconds to make your decision.


|choice|move 2|
|
|switch|p2a: Sableye|Sableye-Mega, M|86\/100
|-damage|p2a: Sableye|73\/100|[from] Spikes
|move|p1a: Azumarill|Toxic|p2a: Sableye
|move|p2a: Sableye|Toxic|p1a: Azumarill|[from]Magic Bounce
|-status|p1a: Azumarill|tox
|
|-damage|p1a: Azumarill|235\/404 tox|[from] psn
|turn|333

|inactive|You have 150 seconds to make your decision.


|choice|move 3|
|
|move|p1a: Azumarill|Rest|p1a: Azumarill
|-status|p1a: Azumarill|slp
|-heal|p1a: Azumarill|404\/404 slp|[silent]
|-status|p1a: Azumarill|slp|[from] move: Rest
|move|p2a: Sableye|Recover|p2a: Sableye
|-heal|p2a: Sableye|100\/100
|
|turn|334

|inactive|You have 150 seconds to make your decision.


|choice|switch 3|
|
|switch|p1a: Suicune|Suicune|362\/404
|-ability|p1a: Suicune|Pressure
|switch|p2a: Talonflame|Talonflame, M|65\/100
|
|-heal|p2a: Talonflame|71\/100|[from] item: Leftovers
|turn|335

|inactive|You have 150 seconds to make your decision.


|choice|move 4|
|
|switch|p2a: Vaporeon|Vaporeon, M|79\/100
|-damage|p2a: Vaporeon|66\/100|[from] Spikes
|move|p1a: Suicune|Roar|p2a: Vaporeon
|drag|p2a: Mew|Mew|76\/100
|-damage|p2a: Mew|63\/100|[from] Spikes
|
|turn|336

|inactive|You have 150 seconds to make your decision.


|choice|move 1|
|
|move|p2a: Mew|Defog|p1a: Suicune
|-unboost|p1a: Suicune|evasion|1
|-sideend|p2: Zepereira|Spikes|[from] move: Defog|[of] p2a: Mew
|move|p1a: Suicune|Scald|p2a: Mew
|-damage|p2a: Mew|42\/100
|-status|p2a: Mew|brn
|-status|p1a: Suicune|brn|[from] ability: Synchronize|[of] p2a: Mew
|
|-damage|p2a: Mew|29\/100 brn|[from] brn
|-damage|p1a: Suicune|312\/404 brn|[from] brn
|turn|337

|inactive|You have 150 seconds to make your decision.


|choice|switch 4|
|
|switch|p1a: Sableye|Sableye-Mega, M|209\/303
|move|p2a: Mew|Soft-Boiled|p2a: Mew
|-heal|p2a: Mew|79\/100 brn
|
|-damage|p2a: Mew|67\/100 brn|[from] brn
|turn|338

|inactive|You have 150 seconds to make your decision.


|choice|switch 3|
|
|switch|p1a: Azumarill|Azumarill, M|404\/404 slp
|move|p2a: Mew|Will-O-Wisp|p1a: Azumarill|[miss]
|-miss|p2a: Mew|p1a: Azumarill
|
|-damage|p2a: Mew|54\/100 brn|[from] brn
|turn|339

|inactive|You have 150 seconds to make your decision.


|choice|move 2|
|
|switch|p2a: Talonflame|Talonflame, M|71\/100
|cant|p1a: Azumarill|slp
|
|-heal|p2a: Talonflame|77\/100|[from] item: Leftovers
|turn|340

|inactive|You have 150 seconds to make your decision.


|choice|switch 3|
|
|switch|p1a: Sableye|Sableye-Mega, M|209\/303
|move|p2a: Talonflame|Brave Bird|p1a: Sableye
|-damage|p1a: Sableye|127\/303
|-damage|p2a: Talonflame|69\/100|[from] recoil|[of] p1a: Sableye
|
|-heal|p2a: Talonflame|75\/100|[from] item: Leftovers
|turn|341

|inactive|You have 150 seconds to make your decision.


|choice|move 4|
|
|move|p2a: Talonflame|Brave Bird|p1a: Sableye
|-damage|p1a: Sableye|37\/303
|-damage|p2a: Talonflame|67\/100|[from] recoil|[of] p1a: Sableye
|move|p1a: Sableye|Recover|p1a: Sableye
|-heal|p1a: Sableye|189\/303
|
|-heal|p2a: Talonflame|73\/100|[from] item: Leftovers
|turn|342

|inactive|You have 150 seconds to make your decision.


|choice|switch 4|
|
|switch|p1a: Suicune|Suicune|312\/404 brn
|-ability|p1a: Suicune|Pressure
|move|p2a: Talonflame|Brave Bird|p1a: Suicune
|-damage|p1a: Suicune|233\/404 brn
|-damage|p2a: Talonflame|66\/100|[from] recoil|[of] p1a: Suicune
|
|-heal|p2a: Talonflame|72\/100|[from] item: Leftovers
|-damage|p1a: Suicune|183\/404 brn|[from] brn
|turn|343

|inactive|You have 150 seconds to make your decision.


|choice|move 3|
|
|move|p2a: Talonflame|Bulk Up|p2a: Talonflame
|-boost|p2a: Talonflame|atk|1
|-boost|p2a: Talonflame|def|1
|move|p1a: Suicune|Rest|p1a: Suicune
|-status|p1a: Suicune|slp
|-heal|p1a: Suicune|404\/404 slp|[silent]
|-status|p1a: Suicune|slp|[from] move: Rest
|
|-heal|p2a: Talonflame|78\/100|[from] item: Leftovers
|turn|344

|inactive|You have 150 seconds to make your decision.


|choice|switch 6|
|
|switch|p1a: Quagsire|Quagsire, M|309\/394
|move|p2a: Talonflame|Brave Bird|p1a: Quagsire
|-damage|p1a: Quagsire|209\/394
|-damage|p2a: Talonflame|69\/100|[from] recoil|[of] p1a: Quagsire
|
|-heal|p2a: Talonflame|75\/100|[from] item: Leftovers
|-heal|p1a: Quagsire|233\/394|[from] item: Leftovers
|turn|345

|inactive|You have 150 seconds to make your decision.


|choice|move 3|
|
|move|p2a: Talonflame|Will-O-Wisp|p1a: Quagsire
|-status|p1a: Quagsire|brn
|move|p1a: Quagsire|Recover|p1a: Quagsire
|-heal|p1a: Quagsire|394\/394 brn
|
|-heal|p2a: Talonflame|81\/100|[from] item: Leftovers
|-damage|p1a: Quagsire|345\/394 brn|[from] brn
|turn|346

|inactive|You have 150 seconds to make your decision.


|choice|move 2|
|
|switch|p2a: Vaporeon|Vaporeon, M|66\/100
|move|p1a: Quagsire|Toxic|p2a: Vaporeon
|-status|p2a: Vaporeon|tox
|
|-heal|p1a: Quagsire|369\/394 brn|[from] item: Leftovers
|-damage|p2a: Vaporeon|60\/100 tox|[from] psn
|-damage|p1a: Quagsire|320\/394 brn|[from] brn
|turn|347

|inactive|You have 150 seconds to make your decision.


|choice|switch 6|
|
|switch|p1a: Suicune|Suicune|404\/404 slp
|-ability|p1a: Suicune|Pressure
|move|p2a: Vaporeon|Wish|p2a: Vaporeon
|
|-damage|p2a: Vaporeon|48\/100 tox|[from] psn
|turn|348

|inactive|You have 150 seconds to make your decision.


|choice|move 4|
|
|move|p2a: Vaporeon|Protect|p2a: Vaporeon
|-singleturn|p2a: Vaporeon|Protect
|cant|p1a: Suicune|slp
|
|-heal|p2a: Vaporeon|98\/100 tox|[from] move: Wish|[wisher] Vaporeon
|-damage|p2a: Vaporeon|79\/100 tox|[from] psn
|turn|349

|inactive|You have 150 seconds to make your decision.


|choice|move 4|
|
|switch|p2a: Sableye|Sableye-Mega, M|100\/100
|cant|p1a: Suicune|slp
|
|turn|350

|inactive|You have 150 seconds to make your decision.


|choice|move 1|
|
|switch|p2a: Shedinja|Shedinja|100\/100
|-curestatus|p1a: Suicune|slp
|move|p1a: Suicune|Scald|p2a: Shedinja
|-activate|p2a: Shedinja|ability: Wonder Guard
|
|turn|351

|inactive|You have 150 seconds to make your decision.


|choice|switch 5|
|
|switch|p1a: Skarmory|Skarmory, M|292\/333 brn
|move|p2a: Shedinja|X-Scissor|p1a: Skarmory
|-resisted|p1a: Skarmory
|-damage|p1a: Skarmory|276\/333 brn
|
|-damage|p1a: Skarmory|235\/333 brn|[from] brn
|turn|352

|inactive|You have 150 seconds to make your decision.


|choice|switch 4|
|
|switch|p1a: Sableye|Sableye-Mega, M|189\/303
|move|p2a: Shedinja|Baton Pass|p2a: Shedinja


|choice||
|
|switch|p2a: Sableye|Sableye-Mega, M|100\/100
|
|turn|353

|inactive|You have 150 seconds to make your decision.


|choice|switch 5|
|
|switch|p1a: Suicune|Suicune|404\/404
|-ability|p1a: Suicune|Pressure
|switch|p2a: Shedinja|Shedinja|100\/100
|
|turn|354

|inactive|You have 150 seconds to make your decision.


|choice|switch 3|
|
|switch|p1a: Azumarill|Azumarill, M|404\/404 slp
|move|p2a: Shedinja|Shadow Sneak|p1a: Azumarill
|-damage|p1a: Azumarill|350\/404 slp
|
|turn|355

|inactive|You have 150 seconds to make your decision.


|choice|move 1|
|
|cant|p1a: Azumarill|slp
|move|p2a: Shedinja|Baton Pass|p2a: Shedinja


|choice||
|
|switch|p2a: Talonflame|Talonflame, M|81\/100
|
|-heal|p2a: Talonflame|87\/100|[from] item: Leftovers
|turn|356

|inactive|You have 150 seconds to make your decision.


|choice|move 2|
|
|move|p2a: Talonflame|Bulk Up|p2a: Talonflame
|-boost|p2a: Talonflame|atk|1
|-boost|p2a: Talonflame|def|1
|-curestatus|p1a: Azumarill|slp
|move|p1a: Azumarill|Toxic|p2a: Talonflame
|-status|p2a: Talonflame|tox
|
|-heal|p2a: Talonflame|94\/100 tox|[from] item: Leftovers
|-damage|p2a: Talonflame|87\/100 tox|[from] psn
|turn|357

|inactive|You have 150 seconds to make your decision.


|choice|switch 4|
|
|switch|p1a: Skarmory|Skarmory, M|235\/333 brn
|move|p2a: Talonflame|Bulk Up|p2a: Talonflame
|-boost|p2a: Talonflame|atk|1
|-boost|p2a: Talonflame|def|1
|
|-heal|p2a: Talonflame|94\/100 tox|[from] item: Leftovers
|-damage|p2a: Talonflame|81\/100 tox|[from] psn
|-damage|p1a: Skarmory|194\/333 brn|[from] brn
|turn|358

|inactive|You have 150 seconds to make your decision.


|choice|move 2|
|
|switch|p2a: Sableye|Sableye-Mega, M|100\/100
|move|p1a: Skarmory|Roost|p1a: Skarmory
|-heal|p1a: Skarmory|333\/333 brn
|
|-damage|p1a: Skarmory|292\/333 brn|[from] brn
|turn|359

|inactive|You have 150 seconds to make your decision.


|choice|switch 5|
|
|switch|p1a: Sableye|Sableye-Mega, M|189\/303
|move|p2a: Sableye|Calm Mind|p2a: Sableye
|-boost|p2a: Sableye|spa|1
|-boost|p2a: Sableye|spd|1
|
|turn|360

|inactive|You have 150 seconds to make your decision.


|choice|switch 3|
|
|switch|p1a: Suicune|Suicune|404\/404
|-ability|p1a: Suicune|Pressure
|move|p2a: Sableye|Calm Mind|p2a: Sableye
|-boost|p2a: Sableye|spa|1
|-boost|p2a: Sableye|spd|1
|
|turn|361

|inactive|You have 150 seconds to make your decision.


|choice|move 2|
|
|switch|p2a: Shedinja|Shedinja|100\/100
|move|p1a: Suicune|Calm Mind|p1a: Suicune
|-boost|p1a: Suicune|spa|1
|-boost|p1a: Suicune|spd|1
|
|turn|362

|inactive|You have 150 seconds to make your decision.


|choice|switch 5|
|
|switch|p1a: Skarmory|Skarmory, M|292\/333 brn
|move|p2a: Shedinja|Shadow Sneak|p1a: Skarmory
|-crit|p1a: Skarmory
|-damage|p1a: Skarmory|237\/333 brn
|
|-damage|p1a: Skarmory|196\/333 brn|[from] brn
|turn|363

|inactive|You have 150 seconds to make your decision.


|choice|switch 4|
|
|switch|p1a: Azumarill|Azumarill, M|350\/404
|switch|p2a: Sableye|Sableye-Mega, M|100\/100
|
|turn|364

|inactive|You have 150 seconds to make your decision.


|choice|switch 3|
|
|switch|p1a: Sableye|Sableye-Mega, M|189\/303
|move|p2a: Sableye|Shadow Ball|p1a: Sableye
|-damage|p1a: Sableye|123\/303
|
|turn|365

|inactive|You have 150 seconds to make your decision.


|choice|move 4|
|
|switch|p2a: Shedinja|Shedinja|100\/100
|move|p1a: Sableye|Recover|p1a: Sableye
|-heal|p1a: Sableye|275\/303
|
|turn|366

|inactive|You have 150 seconds to make your decision.


|choice|move 3|
|
|switch|p2a: Sableye|Sableye-Mega, M|100\/100
|move|p1a: Sableye|Knock Off|p2a: Sableye
|-damage|p2a: Sableye|86\/100
|
|turn|367

|inactive|You have 150 seconds to make your decision.


|choice|switch 2|
|
|switch|p1a: Chansey|Chansey, F|631\/703
|move|p2a: Sableye|Will-O-Wisp|p1a: Chansey
|-status|p1a: Chansey|brn
|
|-damage|p1a: Chansey|544\/703 brn|[from] brn
|turn|368

|inactive|You have 150 seconds to make your decision.


|choice|switch 2|
|
|-curestatus|p1a: Chansey|brn|[from] ability: Natural Cure
|switch|p1a: Sableye|Sableye-Mega, M|275\/303
|move|p2a: Sableye|Will-O-Wisp|p1a: Sableye
|move|p1a: Sableye|Will-O-Wisp|p2a: Sableye|[from]Magic Bounce
|-status|p2a: Sableye|brn
|
|-damage|p2a: Sableye|73\/100 brn|[from] brn
|turn|369

|inactive|You have 150 seconds to make your decision.


|-message|Zepereira forfeited.


|
|win|JsKingBoo

||Ladder updating...


|player|p1


|player|p2


|l|Zepereira


|raw|JsKingBoo's rating: 1684 &rarr; <strong>1704<\/strong><br \/>(+20 for winning)
|raw|Zepereira's rating: 1679 &rarr; <strong>1659<\/strong><br \/>(-20 for losing)
</script>
</div>
<div class="battle-log battle-log-inline"><div class="inner"><div class="chat"><small>JsKingBoo joined.</small></div><div class="chat"><small>Zepereira joined.</small></div><div style="padding:5px 0"><small>Format:</small> <br><strong>OU</strong></div><div class="rated"><strong>Rated battle</strong></div><div><small><em>Swagger Clause:</em> Swagger is banned</small></div><div><small><em>Baton Pass Clause:</em> Limit one Baton Passer, can't pass Spe and other stats simultaneously</small></div><div><small><em>Sleep Clause Mod:</em> Limit one foe put to sleep</small></div><div><small><em>Species Clause:</em> Limit one of each Pokémon</small></div><div><small><em>OHKO Clause:</em> OHKO moves are banned</small></div><div><small><em>Moody Clause:</em> Moody is banned</small></div><div><small><em>Evasion Moves Clause:</em> Evasion moves are banned</small></div><div><small><em>Endless Battle Clause:</em> Forcing endless battles is banned</small></div><div><small><em>HP Percentage Mod:</em> HP is shown in percentages</small></div><div class="chat"><strong>JsKingBoo's team:</strong> <em style="color:#445566;display:block;">Azumarill / Quagsire / Chansey / Sableye / Skarmory / Suicune</em></div><div class="chat"><strong>Zepereira's team:</strong> <em style="color:#445566;display:block;">Vaporeon / Sableye / Mew / Shedinja / Talonflame / Dugtrio</em></div><div>Battle between JsKingBoo and Zepereira started!</div><div class="spacer"></div><div>Go! Sableye!</div><div class="spacer"></div><div>Zepereira sent out Sableye!</div><h2>Turn 1</h2><div class="spacer"></div><div><small>Sableye's Sablenite is reacting to JsKingBoo's Mega Bracelet!<br>Sableye has Mega Evolved into Mega Sableye!</small></div><div class="spacer"></div><div><small>The opposing Sableye's Sablenite is reacting to Zepereira's Mega Bracelet!<br>The opposing Sableye has Mega Evolved into Mega Sableye!</small></div><div class="spacer"></div><div>Sableye used <strong>Fake Out</strong>!</div><div><small>It doesn't affect the opposing Sableye... </small></div><div class="spacer"></div><div>The opposing Sableye used <strong>Calm Mind</strong>!</div><div><small>The opposing Sableye's Special Attack rose! The opposing Sableye's Special Defense rose! </small></div><h2>Turn 2</h2><div class="spacer"></div><div>Zepereira withdrew Sableye <small>(Sableye-Mega)</small>!</div><div class="spacer"></div><div>Zepereira sent out Mew!</div><div class="spacer"></div><div>Sableye, come back!</div><div class="spacer"></div><div>Go! Suicune!</div><div><small>[Suicune's Pressure!]</small></div><div><small>Suicune is exerting its pressure!</small></div><h2>Turn 3</h2><div class="spacer"></div><div>Suicune, come back!</div><div class="spacer"></div><div>Go! Sableye <small>(Sableye-Mega)</small>!</div><div class="spacer"></div><div>The opposing Mew used <strong>Knock Off</strong>!</div><div><small>Sableye lost <abbr title="−36/303">11.9%</abbr> of its health!</small><br></div><h2>Turn 4</h2><div class="spacer"></div><div>Zepereira withdrew Mew!</div><div class="spacer"></div><div>Zepereira sent out Sableye <small>(Sableye-Mega)</small>!</div><div class="spacer"></div><div>Sableye used <strong>Fake Out</strong>!</div><div><small>It doesn't affect the opposing Sableye... </small></div><h2>Turn 5</h2><div class="spacer"></div><div>Sableye, come back!</div><div class="spacer"></div><div>Go! Suicune!</div><div><small>[Suicune's Pressure!]</small></div><div><small>Suicune is exerting its pressure!</small></div><div class="spacer"></div><div>The opposing Sableye used <strong>Calm Mind</strong>!</div><div><small>The opposing Sableye's Special Attack rose! The opposing Sableye's Special Defense rose! </small></div><h2>Turn 6</h2><div class="spacer"></div><div>Zepereira withdrew Sableye <small>(Sableye-Mega)</small>!</div><div class="spacer"></div><div>Zepereira sent out Mew!</div><div class="spacer"></div><div>Suicune used <strong>Calm Mind</strong>!</div><div><small>Suicune's Special Attack rose! Suicune's Special Defense rose! </small></div><h2>Turn 7</h2><div class="spacer"></div><div>Suicune, come back!</div><div class="spacer"></div><div>Go! Sableye <small>(Sableye-Mega)</small>!</div><div class="spacer"></div><div>The opposing Mew used <strong>Knock Off</strong>!</div><div><small>Sableye lost <abbr title="−37/303">12.2%</abbr> of its health!</small><br></div><h2>Turn 8</h2><div class="spacer"></div><div>Zepereira withdrew Mew!</div><div class="spacer"></div><div>Zepereira sent out Sableye <small>(Sableye-Mega)</small>!</div><div class="spacer"></div><div>Sableye used <strong>Knock Off</strong>!</div><div><small>The opposing Sableye lost 14% of its health!</small><br></div><h2>Turn 9</h2><div class="spacer"></div><div>Sableye, come back!</div><div class="spacer"></div><div>Go! Suicune!</div><div><small>[Suicune's Pressure!]</small></div><div><small>Suicune is exerting its pressure!</small></div><div class="spacer"></div><div>Zepereira withdrew Sableye <small>(Sableye-Mega)</small>!</div><div class="spacer"></div><div>Zepereira sent out Talonflame!</div><h2>Turn 10</h2><div class="spacer"></div><div>Zepereira withdrew Talonflame!</div><div class="spacer"></div><div>Zepereira sent out Shedinja!</div><div class="spacer"></div><div>Suicune used <strong>Scald</strong>!</div><div><small>[Opposing Shedinja's Wonder Guard!]</small></div><div><small>The opposing Shedinja's Wonder Guard evades the attack!</small></div><h2>Turn 11</h2><div class="spacer"></div><div>Suicune, come back!</div><div class="spacer"></div><div>Go! Sableye <small>(Sableye-Mega)</small>!</div><div class="spacer"></div><div>The opposing Shedinja used <strong>Baton Pass</strong>!</div><div class="spacer"></div><div>Zepereira sent out Sableye <small>(Sableye-Mega)</small>!</div><h2>Turn 12</h2><div class="spacer"></div><div>Sableye, come back!</div><div class="spacer"></div><div>Go! Suicune!</div><div><small>[Suicune's Pressure!]</small></div><div><small>Suicune is exerting its pressure!</small></div><div class="spacer"></div><div>The opposing Sableye used <strong>Calm Mind</strong>!</div><div><small>The opposing Sableye's Special Attack rose! The opposing Sableye's Special Defense rose! </small></div><h2>Turn 13</h2><div class="spacer"></div><div>Suicune, come back!</div><div class="spacer"></div><div>Go! Sableye <small>(Sableye-Mega)</small>!</div><div class="spacer"></div><div>Zepereira withdrew Sableye <small>(Sableye-Mega)</small>!</div><div class="spacer"></div><div>Zepereira sent out Vaporeon!</div><h2>Turn 14</h2><div class="spacer"></div><div>The opposing Vaporeon used <strong>Scald</strong>!</div><div><small>Sableye lost <abbr title="−81/303">26.7%</abbr> of its health!</small><br></div><div class="spacer"></div><div>Sableye used <strong>Knock Off</strong>!</div><div><small>The opposing Vaporeon lost 19% of its health!</small><br></div><div><small>Sableye knocked off the opposing Vaporeon's Leftovers!</small></div><h2>Turn 15</h2><div class="spacer"></div><div>The opposing Vaporeon used <strong>Scald</strong>!</div><div><small>Sableye lost <abbr title="−81/303">26.7%</abbr> of its health!</small><br></div><div><small>Sableye was burned!</small></div><div class="spacer"></div><div>Sableye used <strong>Recover</strong>!</div><div><small>Sableye restored its HP.</small></div><div class="spacer"></div><div><small>Sableye was hurt by its burn!</small></div><h2>Turn 16</h2><div class="spacer"></div><div>Zepereira withdrew Vaporeon!</div><div class="spacer"></div><div>Zepereira sent out Dugtrio!</div><div class="spacer"></div><div>Sableye used <strong>Recover</strong>!</div><div><small>Sableye restored its HP.</small></div><div class="spacer"></div><div><small>Sableye was hurt by its burn!</small></div><h2>Turn 17</h2><div class="spacer"></div><div>Zepereira withdrew Dugtrio!</div><div class="spacer"></div><div>Zepereira sent out Vaporeon!</div><div class="spacer"></div><div>Sableye used <strong>Will-O-Wisp</strong>!</div><div><small>The opposing Vaporeon was burned!</small></div><div class="spacer"></div><div><small>The opposing Vaporeon was hurt by its burn!</small></div><div><small>Sableye was hurt by its burn!</small></div><h2>Turn 18</h2><div class="spacer"></div><div>Sableye, come back!</div><div class="spacer"></div><div>Go! Suicune!</div><div><small>[Suicune's Pressure!]</small></div><div><small>Suicune is exerting its pressure!</small></div><div class="spacer"></div><div>The opposing Vaporeon used <strong>Wish</strong>!</div><div class="spacer"></div><div><small>The opposing Vaporeon was hurt by its burn!</small></div><h2>Turn 19</h2><div class="spacer"></div><div>The opposing Vaporeon used <strong>Heal Bell</strong>!</div><div><small>A bell chimed!</small></div><div class="spacer"></div><div>Suicune used <strong>Roar</strong>!</div><div class="spacer"></div><div>Mew was dragged out!</div><h2>Turn 20</h2><div class="spacer"></div><div>Zepereira withdrew Mew!</div><div class="spacer"></div><div>Zepereira sent out Vaporeon!</div><div class="spacer"></div><div>Suicune, come back!</div><div class="spacer"></div><div>Go! Azumarill!</div><h2>Turn 21</h2><div class="spacer"></div><div>The opposing Vaporeon used <strong>Wish</strong>!</div><div class="spacer"></div><div>Azumarill used <strong>Toxic</strong>!</div><div><small>The opposing Vaporeon was badly poisoned!</small></div><div class="spacer"></div><div><small>The opposing Vaporeon was hurt by poison!</small></div><h2>Turn 22</h2><div class="spacer"></div><div>Azumarill, come back!</div><div class="spacer"></div><div>Go! Skarmory!</div><div class="spacer"></div><div>The opposing Vaporeon used <strong>Protect</strong>!</div><div><small>But it failed!</small></div><div class="spacer"></div><div><small>Vaporeon's wish came true!</small></div><div><small>The opposing Vaporeon was hurt by poison!</small></div><h2>Turn 23</h2><div class="spacer"></div><div>Skarmory, come back!</div><div class="spacer"></div><div>Go! Azumarill!</div><div class="spacer"></div><div>Zepereira withdrew Vaporeon!</div><div class="spacer"></div><div>Zepereira sent out Sableye <small>(Sableye-Mega)</small>!</div><h2>Turn 24</h2><div class="spacer"></div><div>Azumarill, come back!</div><div class="spacer"></div><div>Go! Skarmory!</div><div class="spacer"></div><div>Zepereira withdrew Sableye <small>(Sableye-Mega)</small>!</div><div class="spacer"></div><div>Zepereira sent out Mew!</div><h2>Turn 25</h2><div class="spacer"></div><div>Skarmory, come back!</div><div class="spacer"></div><div>Go! Sableye <small>(Sableye-Mega)</small>!</div><div class="spacer"></div><div>The opposing Mew used <strong>Knock Off</strong>!</div><div><small>Sableye lost <abbr title="−37/303">12.2%</abbr> of its health!</small><br></div><div class="spacer"></div><div><small>Sableye was hurt by its burn!</small></div><h2>Turn 26</h2><div class="spacer"></div><div>Zepereira withdrew Mew!</div><div class="spacer"></div><div>Zepereira sent out Talonflame!</div><div class="spacer"></div><div>Sableye used <strong>Recover</strong>!</div><div><small>Sableye restored its HP.</small></div><div class="spacer"></div><div><small>Sableye was hurt by its burn!</small></div><h2>Turn 27</h2><div class="spacer"></div><div>Zepereira withdrew Talonflame!</div><div class="spacer"></div><div>Zepereira sent out Sableye <small>(Sableye-Mega)</small>!</div><div class="spacer"></div><div>Sableye, come back!</div><div class="spacer"></div><div>Go! Suicune!</div><div><small>[Suicune's Pressure!]</small></div><div><small>Suicune is exerting its pressure!</small></div><h2>Turn 28</h2><div class="spacer"></div><div>Suicune, come back!</div><div class="spacer"></div><div>Go! Chansey!</div><div class="spacer"></div><div>Zepereira withdrew Sableye <small>(Sableye-Mega)</small>!</div><div class="spacer"></div><div>Zepereira sent out Vaporeon!</div><div class="spacer"></div><div><small>The opposing Vaporeon was hurt by poison!</small></div><h2>Turn 29</h2><div class="spacer"></div><div>Chansey, come back!</div><div class="spacer"></div><div>Go! Skarmory!</div><div class="spacer"></div><div>The opposing Vaporeon used <strong>Heal Bell</strong>!</div><div><small>A bell chimed!</small></div><h2>Turn 30</h2><div class="spacer"></div><div>Skarmory, come back!</div><div class="spacer"></div><div>Go! Azumarill!</div><div class="spacer"></div><div>Zepereira withdrew Vaporeon!</div><div class="spacer"></div><div>Zepereira sent out Sableye <small>(Sableye-Mega)</small>!</div><h2>Turn 31</h2><div class="spacer"></div><div>Azumarill, come back!</div><div class="spacer"></div><div>Go! Sableye <small>(Sableye-Mega)</small>!</div><div class="spacer"></div><div>The opposing Sableye used <strong>Will-O-Wisp</strong>!</div><div><small>[Sableye's Magic Bounce!]</small></div><div>Sableye bounced the Will-O-Wisp back!</div><div><small>The opposing Sableye was burned!</small></div><div class="spacer"></div><div><small>The opposing Sableye was hurt by its burn!</small></div><div><small>Sableye was hurt by its burn!</small></div><h2>Turn 32</h2><div class="spacer"></div><div>Zepereira withdrew Sableye <small>(Sableye-Mega)</small>!</div><div class="spacer"></div><div>Zepereira sent out Vaporeon!</div><div class="spacer"></div><div>Sableye, come back!</div><div class="spacer"></div><div>Go! Chansey!</div><h2>Turn 33</h2><div class="spacer"></div><div>The opposing Vaporeon used <strong>Heal Bell</strong>!</div><div><small>A bell chimed!</small></div><div class="spacer"></div><div>Chansey used <strong>Heal Bell</strong>!</div><div><small>A bell chimed!</small></div><h2>Turn 34</h2><div class="spacer"></div><div>Zepereira withdrew Vaporeon!</div><div class="spacer"></div><div>Zepereira sent out Sableye <small>(Sableye-Mega)</small>!</div><div class="spacer"></div><div>Chansey, come back!</div><div class="spacer"></div><div>Go! Suicune!</div><div><small>[Suicune's Pressure!]</small></div><div><small>Suicune is exerting its pressure!</small></div><h2>Turn 35</h2><div class="spacer"></div><div>Suicune, come back!</div><div class="spacer"></div><div>Go! Sableye <small>(Sableye-Mega)</small>!</div><div class="spacer"></div><div>Zepereira withdrew Sableye <small>(Sableye-Mega)</small>!</div><div class="spacer"></div><div>Zepereira sent out Vaporeon!</div><h2>Turn 36</h2><div class="spacer"></div><div>Zepereira withdrew Vaporeon!</div><div class="spacer"></div><div>Zepereira sent out Sableye <small>(Sableye-Mega)</small>!</div><div class="spacer"></div><div>Sableye, come back!</div><div class="spacer"></div><div>Go! Suicune!</div><div><small>[Suicune's Pressure!]</small></div><div><small>Suicune is exerting its pressure!</small></div><h2>Turn 37</h2><div class="spacer"></div><div>Suicune, come back!</div><div class="spacer"></div><div>Go! Azumarill!</div><div class="spacer"></div><div>Zepereira withdrew Sableye <small>(Sableye-Mega)</small>!</div><div class="spacer"></div><div>Zepereira sent out Shedinja!</div><h2>Turn 38</h2><div class="spacer"></div><div>Zepereira withdrew Shedinja!</div><div class="spacer"></div><div>Zepereira sent out Sableye <small>(Sableye-Mega)</small>!</div><div class="spacer"></div><div>Azumarill used <strong>Toxic</strong>!</div><div><small>[Opposing Sableye's Magic Bounce!]</small></div><div>The opposing Sableye bounced the Toxic back!</div><div><small>Azumarill avoided the attack!</small></div><h2>Turn 39</h2><div class="spacer"></div><div>Azumarill, come back!</div><div class="spacer"></div><div>Go! Sableye <small>(Sableye-Mega)</small>!</div><div class="spacer"></div><div>Zepereira withdrew Sableye <small>(Sableye-Mega)</small>!</div><div class="spacer"></div><div>Zepereira sent out Mew!</div><h2>Turn 40</h2><div class="spacer"></div><div>Zepereira withdrew Mew!</div><div class="spacer"></div><div>Zepereira sent out Sableye <small>(Sableye-Mega)</small>!</div><div class="spacer"></div><div>Sableye used <strong>Knock Off</strong>!</div><div><small>The opposing Sableye lost 13% of its health!</small><br></div><h2>Turn 41</h2><div class="spacer"></div><div>Sableye, come back!</div><div class="spacer"></div><div>Go! Suicune!</div><div><small>[Suicune's Pressure!]</small></div><div><small>Suicune is exerting its pressure!</small></div><div class="spacer"></div><div>Zepereira withdrew Sableye <small>(Sableye-Mega)</small>!</div><div class="spacer"></div><div>Zepereira sent out Mew!</div><h2>Turn 42</h2><div class="spacer"></div><div>Suicune, come back!</div><div class="spacer"></div><div>Go! Sableye <small>(Sableye-Mega)</small>!</div><div class="spacer"></div><div>The opposing Mew used <strong>Knock Off</strong>!</div><div><small>A critical hit! </small><small>Sableye lost <abbr title="−53/303">17.5%</abbr> of its health!</small><br></div><h2>Turn 43</h2><div class="spacer"></div><div>Zepereira withdrew Mew!</div><div class="spacer"></div><div>Zepereira sent out Sableye <small>(Sableye-Mega)</small>!</div><div class="spacer"></div><div>Sableye used <strong>Recover</strong>!</div><div><small>Sableye restored its HP.</small></div><h2>Turn 44</h2><div class="spacer"></div><div>Sableye used <strong>Fake Out</strong>!</div><div><small>But it failed!</small></div><div><small>(Fake Out only works on your first turn out.)</small></div><div class="spacer"></div><div>The opposing Sableye used <strong>Calm Mind</strong>!</div><div><small>The opposing Sableye's Special Attack rose! The opposing Sableye's Special Defense rose! </small></div><h2>Turn 45</h2><div class="spacer"></div><div>Zepereira withdrew Sableye <small>(Sableye-Mega)</small>!</div><div class="spacer"></div><div>Zepereira sent out Mew!</div><div class="spacer"></div><div>Sableye, come back!</div><div class="spacer"></div><div>Go! Suicune!</div><div><small>[Suicune's Pressure!]</small></div><div><small>Suicune is exerting its pressure!</small></div><h2>Turn 46</h2><div class="spacer"></div><div>Suicune, come back!</div><div class="spacer"></div><div>Go! Sableye <small>(Sableye-Mega)</small>!</div><div class="spacer"></div><div>The opposing Mew used <strong>Knock Off</strong>!</div><div><small>A critical hit! </small><small>Sableye lost <abbr title="−58/303">19.1%</abbr> of its health!</small><br></div><h2>Turn 47</h2><div class="spacer"></div><div>Zepereira withdrew Mew!</div><div class="spacer"></div><div>Zepereira sent out Sableye <small>(Sableye-Mega)</small>!</div><div class="spacer"></div><div>Sableye used <strong>Knock Off</strong>!</div><div><small>The opposing Sableye lost 13% of its health!</small><br></div><h2>Turn 48</h2><div class="spacer"></div><div>Sableye, come back!</div><div class="spacer"></div><div>Go! Suicune!</div><div><small>[Suicune's Pressure!]</small></div><div><small>Suicune is exerting its pressure!</small></div><div class="spacer"></div><div>The opposing Sableye used <strong>Recover</strong>!</div><div><small>The opposing Sableye restored its HP.</small></div><h2>Turn 49</h2><div class="spacer"></div><div>Suicune, come back!</div><div class="spacer"></div><div>Go! Sableye <small>(Sableye-Mega)</small>!</div><div class="spacer"></div><div>Zepereira withdrew Sableye <small>(Sableye-Mega)</small>!</div><div class="spacer"></div><div>Zepereira sent out Shedinja!</div><h2>Turn 50</h2><div class="spacer"></div><div>Sableye, come back!</div><div class="spacer"></div><div>Go! Suicune!</div><div><small>[Suicune's Pressure!]</small></div><div><small>Suicune is exerting its pressure!</small></div><div class="spacer"></div><div>The opposing Shedinja used <strong>Baton Pass</strong>!</div><div class="chat message-error">Battle timer is now ON: inactive players will automatically lose when time's up. (requested by Zepereira)</div><div class="spacer"></div><div>Zepereira sent out Mew!</div><h2>Turn 51</h2><div class="chat message-error">You have 150 seconds to make your decision.</div><div class="spacer"></div><div>Suicune, come back!</div><div class="spacer"></div><div>Go! Sableye <small>(Sableye-Mega)</small>!</div><div class="spacer"></div><div>The opposing Mew used <strong>Knock Off</strong>!</div><div><small>Sableye lost <abbr title="−36/303">11.9%</abbr> of its health!</small><br></div><h2>Turn 52</h2><div class="chat message-error">You have 150 seconds to make your decision.</div><div class="spacer"></div><div>Zepereira withdrew Mew!</div><div class="spacer"></div><div>Zepereira sent out Sableye <small>(Sableye-Mega)</small>!</div><div class="spacer"></div><div>Sableye, come back!</div><div class="spacer"></div><div>Go! Suicune!</div><div><small>[Suicune's Pressure!]</small></div><div><small>Suicune is exerting its pressure!</small></div><h2>Turn 53</h2><div class="chat message-error">You have 150 seconds to make your decision.</div><div class="spacer"></div><div>Zepereira withdrew Sableye <small>(Sableye-Mega)</small>!</div><div class="spacer"></div><div>Zepereira sent out Vaporeon!</div><div class="spacer"></div><div>Suicune used <strong>Scald</strong>!</div><div><small>[Opposing Vaporeon's Water Absorb!]</small></div><div><small>The opposing Vaporeon restored its HP.</small></div><h2>Turn 54</h2><div class="chat message-error">You have 150 seconds to make your decision.</div><div class="spacer"></div><div>Suicune, come back!</div><div class="spacer"></div><div>Go! Azumarill!</div><div class="spacer"></div><div>Zepereira withdrew Vaporeon!</div><div class="spacer"></div><div>Zepereira sent out Shedinja!</div><h2>Turn 55</h2><div class="chat message-error">You have 150 seconds to make your decision.</div><div class="spacer"></div><div>Zepereira withdrew Shedinja!</div><div class="spacer"></div><div>Zepereira sent out Sableye <small>(Sableye-Mega)</small>!</div><div class="spacer"></div><div>Azumarill, come back!</div><div class="spacer"></div><div>Go! Sableye <small>(Sableye-Mega)</small>!</div><h2>Turn 56</h2><div class="chat message-error">You have 150 seconds to make your decision.</div><div class="spacer"></div><div>Sableye used <strong>Fake Out</strong>!</div><div><small>It doesn't affect the opposing Sableye... </small></div><div class="spacer"></div><div>The opposing Sableye used <strong>Calm Mind</strong>!</div><div><small>The opposing Sableye's Special Attack rose! The opposing Sableye's Special Defense rose! </small></div><h2>Turn 57</h2><div class="chat message-error">You have 150 seconds to make your decision.</div><div class="spacer"></div><div>Sableye, come back!</div><div class="spacer"></div><div>Go! Suicune!</div><div><small>[Suicune's Pressure!]</small></div><div><small>Suicune is exerting its pressure!</small></div><div class="spacer"></div><div>The opposing Sableye used <strong>Shadow Ball</strong>!</div><div><small>Suicune lost <abbr title="−109/404">27.0%</abbr> of its health!</small><br></div><div class="spacer"></div><div><small>Suicune restored a little HP using its Leftovers!</small></div><h2>Turn 58</h2><div class="chat message-error">You have 150 seconds to make your decision.</div><div class="spacer"></div><div>Zepereira withdrew Sableye <small>(Sableye-Mega)</small>!</div><div class="spacer"></div><div>Zepereira sent out Mew!</div><div class="spacer"></div><div>Suicune used <strong>Calm Mind</strong>!</div><div><small>Suicune's Special Attack rose! Suicune's Special Defense rose! </small></div><div class="spacer"></div><div><small>Suicune restored a little HP using its Leftovers!</small></div><h2>Turn 59</h2><div class="chat message-error">You have 150 seconds to make your decision.</div><div class="spacer"></div><div>Suicune, come back!</div><div class="spacer"></div><div>Go! Sableye <small>(Sableye-Mega)</small>!</div><div class="spacer"></div><div>The opposing Mew used <strong>Knock Off</strong>!</div><div><small>Sableye lost <abbr title="−37/303">12.2%</abbr> of its health!</small><br></div><h2>Turn 60</h2><div class="chat message-error">You have 150 seconds to make your decision.</div><div class="spacer"></div><div>The opposing Mew used <strong>Will-O-Wisp</strong>!</div><div><small>[Sableye's Magic Bounce!]</small></div><div>Sableye bounced the Will-O-Wisp back!</div><div><small>The opposing Mew was burned!</small></div><div><small>[Opposing Mew's Synchronize!]</small></div><div><small>Sableye was burned!</small></div><div class="spacer"></div><div>Sableye used <strong>Recover</strong>!</div><div><small>Sableye restored its HP.</small></div><div class="spacer"></div><div><small>The opposing Mew was hurt by its burn!</small></div><div><small>Sableye was hurt by its burn!</small></div><h2>Turn 61</h2><div class="chat message-error">You have 150 seconds to make your decision.</div><div class="chat chatmessage-jskingboo mine"><strong style="color:hsl(182,53%,37%);"><small>★</small><span class="username" data-name="JsKingBoo">JsKingBoo</span>:</strong> <em>lol</em></div><div class="spacer"></div><div>Zepereira withdrew Mew!</div><div class="spacer"></div><div>Zepereira sent out Talonflame!</div><div class="spacer"></div><div>Sableye used <strong>Will-O-Wisp</strong>!</div><div><small>It doesn't affect the opposing Talonflame... </small></div><div class="spacer"></div><div><small>Sableye was hurt by its burn!</small></div><h2>Turn 62</h2><div class="chat message-error">You have 150 seconds to make your decision.</div><div class="spacer"></div><div>Zepereira withdrew Talonflame!</div><div class="spacer"></div><div>Zepereira sent out Mew!</div><div class="spacer"></div><div>Sableye, come back!</div><div class="spacer"></div><div>Go! Suicune!</div><div><small>[Suicune's Pressure!]</small></div><div><small>Suicune is exerting its pressure!</small></div><div class="spacer"></div><div><small>The opposing Mew restored a little HP using its Leftovers!</small></div><div><small>Suicune restored a little HP using its Leftovers!</small></div><div><small>The opposing Mew was hurt by its burn!</small></div><h2>Turn 63</h2><div class="chat message-error">You have 150 seconds to make your decision.</div><div class="spacer"></div><div>Suicune, come back!</div><div class="spacer"></div><div>Go! Sableye <small>(Sableye-Mega)</small>!</div><div class="spacer"></div><div>The opposing Mew used <strong>Knock Off</strong>!</div><div><small>Sableye lost <abbr title="−19/303">6.3%</abbr> of its health!</small><br></div><div class="spacer"></div><div><small>The opposing Mew restored a little HP using its Leftovers!</small></div><div><small>The opposing Mew was hurt by its burn!</small></div><div><small>Sableye was hurt by its burn!</small></div><h2>Turn 64</h2><div class="chat message-error">You have 150 seconds to make your decision.</div><div class="spacer"></div><div>Zepereira withdrew Mew!</div><div class="spacer"></div><div>Zepereira sent out Sableye <small>(Sableye-Mega)</small>!</div><div class="spacer"></div><div>Sableye, come back!</div><div class="spacer"></div><div>Go! Chansey!</div><h2>Turn 65</h2><div class="chat message-error">You have 150 seconds to make your decision.</div><div class="spacer"></div><div>Chansey, come back!</div><div class="spacer"></div><div>Go! Sableye <small>(Sableye-Mega)</small>!</div><div class="spacer"></div><div>Zepereira withdrew Sableye <small>(Sableye-Mega)</small>!</div><div class="spacer"></div><div>Zepereira sent out Talonflame!</div><div class="spacer"></div><div><small>Sableye was hurt by its burn!</small></div><h2>Turn 66</h2><div class="chat message-error">You have 150 seconds to make your decision.</div><div class="spacer"></div><div>Sableye, come back!</div><div class="spacer"></div><div>Go! Suicune!</div><div><small>[Suicune's Pressure!]</small></div><div><small>Suicune is exerting its pressure!</small></div><div class="spacer"></div><div>The opposing Talonflame used <strong>Bulk Up</strong>!</div><div><small>The opposing Talonflame's Attack rose! The opposing Talonflame's Defense rose! </small></div><div class="spacer"></div><div><small>Suicune restored a little HP using its Leftovers!</small></div><h2>Turn 67</h2><div class="chat message-error">You have 150 seconds to make your decision.</div><div class="spacer"></div><div>The opposing Talonflame used <strong>Will-O-Wisp</strong>!</div><div><small>Suicune was burned!</small></div><div class="spacer"></div><div>Suicune used <strong>Roar</strong>!</div><div class="spacer"></div><div>Shedinja was dragged out!</div><div class="spacer"></div><div><small>Suicune restored a little HP using its Leftovers!</small></div><div><small>Suicune was hurt by its burn!</small></div><h2>Turn 68</h2><div class="chat message-error">You have 150 seconds to make your decision.</div><div class="spacer"></div><div>Suicune, come back!</div><div class="spacer"></div><div>Go! Azumarill!</div><div class="spacer"></div><div>The opposing Shedinja used <strong>Baton Pass</strong>!</div><div class="spacer"></div><div>Zepereira sent out Sableye <small>(Sableye-Mega)</small>!</div><h2>Turn 69</h2><div class="chat message-error">You have 150 seconds to make your decision.</div><div class="spacer"></div><div>Azumarill, come back!</div><div class="spacer"></div><div>Go! Chansey!</div><div class="spacer"></div><div>Zepereira withdrew Sableye <small>(Sableye-Mega)</small>!</div><div class="spacer"></div><div>Zepereira sent out Talonflame!</div><h2>Turn 70</h2><div class="chat message-error">You have 150 seconds to make your decision.</div><div class="spacer"></div><div>The opposing Talonflame used <strong>Bulk Up</strong>!</div><div><small>The opposing Talonflame's Attack rose! The opposing Talonflame's Defense rose! </small></div><div class="spacer"></div><div>Chansey used <strong>Heal Bell</strong>!</div><div><small>A bell chimed!</small></div><h2>Turn 71</h2><div class="chat message-error">You have 150 seconds to make your decision.</div><div class="spacer"></div><div>Chansey, come back!</div><div class="spacer"></div><div>Go! Quagsire!</div><div class="spacer"></div><div>The opposing Talonflame used <strong>Bulk Up</strong>!</div><div><small>The opposing Talonflame's Attack rose! The opposing Talonflame's Defense rose! </small></div><h2>Turn 72</h2><div class="chat message-error">You have 150 seconds to make your decision.</div><div class="spacer"></div><div>The opposing Talonflame used <strong>Will-O-Wisp</strong>!</div><div><small>Quagsire was burned!</small></div><div class="spacer"></div><div>Quagsire used <strong>Scald</strong>!</div><div><small>It's super effective! </small><small>The opposing Talonflame lost 33% of its health!</small><br></div><div class="spacer"></div><div><small>The opposing Talonflame restored a little HP using its Leftovers!</small></div><div><small>Quagsire was hurt by its burn!</small></div><h2>Turn 73</h2><div class="chat message-error">You have 150 seconds to make your decision.</div><div class="spacer"></div><div>The opposing Talonflame used <strong>Brave Bird</strong>!</div><div><small>Quagsire lost <abbr title="−94/394">23.9%</abbr> of its health!</small><br></div><div><small>The opposing Talonflame is damaged by the recoil!</small></div><div class="spacer"></div><div>Quagsire used <strong>Toxic</strong>!</div><div><small>The opposing Talonflame was badly poisoned!</small></div><div class="spacer"></div><div><small>The opposing Talonflame restored a little HP using its Leftovers!</small></div><div><small>Quagsire restored a little HP using its Leftovers!</small></div><div><small>The opposing Talonflame was hurt by poison!</small></div><div><small>Quagsire was hurt by its burn!</small></div><h2>Turn 74</h2><div class="chat message-error">You have 150 seconds to make your decision.</div><div class="spacer"></div><div>Zepereira withdrew Talonflame!</div><div class="spacer"></div><div>Zepereira sent out Vaporeon!</div><div class="spacer"></div><div>Quagsire used <strong>Recover</strong>!</div><div><small>Quagsire restored its HP.</small></div><div class="spacer"></div><div><small>Quagsire was hurt by its burn!</small></div><h2>Turn 75</h2><div class="chat message-error">You have 150 seconds to make your decision.</div><div class="spacer"></div><div>The opposing Vaporeon used <strong>Scald</strong>!</div><div><small>Quagsire lost <abbr title="−136/394">34.5%</abbr> of its health!</small><br></div><div class="spacer"></div><div>Quagsire used <strong>Toxic</strong>!</div><div><small>The opposing Vaporeon was badly poisoned!</small></div><div class="spacer"></div><div><small>Quagsire restored a little HP using its Leftovers!</small></div><div><small>The opposing Vaporeon was hurt by poison!</small></div><div><small>Quagsire was hurt by its burn!</small></div><h2>Turn 76</h2><div class="chat message-error">You have 150 seconds to make your decision.</div><div class="spacer"></div><div>The opposing Vaporeon used <strong>Heal Bell</strong>!</div><div><small>A bell chimed!</small></div><div class="spacer"></div><div>Quagsire used <strong>Recover</strong>!</div><div><small>Quagsire restored its HP.</small></div><div class="spacer"></div><div><small>Quagsire restored a little HP using its Leftovers!</small></div><div><small>Quagsire was hurt by its burn!</small></div><h2>Turn 77</h2><div class="chat message-error">You have 150 seconds to make your decision.</div><div class="spacer"></div><div>Zepereira withdrew Vaporeon!</div><div class="spacer"></div><div>Zepereira sent out Sableye <small>(Sableye-Mega)</small>!</div><div class="spacer"></div><div>Quagsire, come back!</div><div class="spacer"></div><div>Go! Chansey!</div><h2>Turn 78</h2><div class="chat message-error">You have 150 seconds to make your decision.</div><div class="spacer"></div><div>Chansey, come back!</div><div class="spacer"></div><div>Go! Sableye <small>(Sableye-Mega)</small>!</div><div class="spacer"></div><div>Zepereira withdrew Sableye <small>(Sableye-Mega)</small>!</div><div class="spacer"></div><div>Zepereira sent out Talonflame!</div><div class="spacer"></div><div><small>The opposing Talonflame restored a little HP using its Leftovers!</small></div><h2>Turn 79</h2><div class="chat message-error">You have 150 seconds to make your decision.</div><div class="spacer"></div><div>The opposing Talonflame used <strong>Brave Bird</strong>!</div><div><small>Sableye lost <abbr title="−81/303">26.7%</abbr> of its health!</small><br></div><div><small>The opposing Talonflame is damaged by the recoil!</small></div><div class="spacer"></div><div>Sableye used <strong>Recover</strong>!</div><div><small>Sableye restored its HP.</small></div><div class="spacer"></div><div><small>The opposing Talonflame restored a little HP using its Leftovers!</small></div><h2>Turn 80</h2><div class="chat message-error">You have 150 seconds to make your decision.</div><div class="spacer"></div><div>Zepereira withdrew Talonflame!</div><div class="spacer"></div><div>Zepereira sent out Sableye <small>(Sableye-Mega)</small>!</div><div class="spacer"></div><div>Sableye used <strong>Recover</strong>!</div><div><small>Sableye restored its HP.</small></div><h2>Turn 81</h2><div class="chat message-error">You have 150 seconds to make your decision.</div><div class="spacer"></div><div>Zepereira withdrew Sableye <small>(Sableye-Mega)</small>!</div><div class="spacer"></div><div>Zepereira sent out Mew!</div><div class="spacer"></div><div>Sableye, come back!</div><div class="spacer"></div><div>Go! Chansey!</div><div class="spacer"></div><div><small>The opposing Mew restored a little HP using its Leftovers!</small></div><h2>Turn 82</h2><div class="chat message-error">You have 150 seconds to make your decision.</div><div class="spacer"></div><div>The opposing Mew used <strong>Knock Off</strong>!</div><div><small>Chansey lost <abbr title="−95/703">13.5%</abbr> of its health!</small><br></div><div><small>The opposing Mew knocked off Chansey's Eviolite!</small></div><div class="spacer"></div><div>Chansey used <strong>Stealth Rock</strong>!</div><div><small>Pointed stones float in the air around the opposing team!</small></div><div class="spacer"></div><div><small>The opposing Mew restored a little HP using its Leftovers!</small></div><h2>Turn 83</h2><div class="chat message-error">You have 150 seconds to make your decision.</div><div class="spacer"></div><div>The opposing Mew used <strong>Defog</strong>!</div><div><small>Chansey's evasiveness fell! </small></div><div><small>The pointed stones disappeared from around the opposing team!</small></div><div class="spacer"></div><div>Chansey used <strong>Stealth Rock</strong>!</div><div><small>Pointed stones float in the air around the opposing team!</small></div><div class="spacer"></div><div><small>The opposing Mew restored a little HP using its Leftovers!</small></div><h2>Turn 84</h2><div class="chat message-error">You have 150 seconds to make your decision.</div><div class="spacer"></div><div>Chansey, come back!</div><div class="spacer"></div><div>Go! Suicune!</div><div><small>[Suicune's Pressure!]</small></div><div><small>Suicune is exerting its pressure!</small></div><div class="spacer"></div><div>The opposing Mew used <strong>Defog</strong>!</div><div><small>Suicune's evasiveness fell! </small></div><div><small>The pointed stones disappeared from around the opposing team!</small></div><div class="spacer"></div><div><small>The opposing Mew restored a little HP using its Leftovers!</small></div><div><small>Suicune restored a little HP using its Leftovers!</small></div><h2>Turn 85</h2><div class="chat message-error">You have 150 seconds to make your decision.</div><div class="spacer"></div><div>Suicune, come back!</div><div class="spacer"></div><div>Go! Chansey!</div><div class="spacer"></div><div>The opposing Mew used <strong>Knock Off</strong>!</div><div><small>Chansey lost <abbr title="−107/703">15.2%</abbr> of its health!</small><br></div><h2>Turn 86</h2><div class="chat message-error">You have 150 seconds to make your decision.</div><div class="spacer"></div><div>Chansey, come back!</div><div class="spacer"></div><div>Go! Suicune!</div><div><small>[Suicune's Pressure!]</small></div><div><small>Suicune is exerting its pressure!</small></div><div class="spacer"></div><div>The opposing Mew used <strong>Will-O-Wisp</strong>!</div><div><small>Suicune was burned!</small></div><div class="spacer"></div><div><small>Suicune restored a little HP using its Leftovers!</small></div><div><small>Suicune was hurt by its burn!</small></div><h2>Turn 87</h2><div class="chat message-error">You have 150 seconds to make your decision.</div><div class="spacer"></div><div>Suicune, come back!</div><div class="spacer"></div><div>Go! Sableye <small>(Sableye-Mega)</small>!</div><div class="spacer"></div><div>The opposing Mew used <strong>Knock Off</strong>!</div><div><small>Sableye lost <abbr title="−38/303">12.5%</abbr> of its health!</small><br></div><h2>Turn 88</h2><div class="chat message-error">You have 150 seconds to make your decision.</div><div class="spacer"></div><div>Zepereira withdrew Mew!</div><div class="spacer"></div><div>Zepereira sent out Sableye <small>(Sableye-Mega)</small>!</div><div class="spacer"></div><div>Sableye used <strong>Knock Off</strong>!</div><div><small>The opposing Sableye lost 15% of its health!</small><br></div><h2>Turn 89</h2><div class="chat message-error">You have 150 seconds to make your decision.</div><div class="spacer"></div><div>Sableye, come back!</div><div class="spacer"></div><div>Go! Suicune!</div><div><small>[Suicune's Pressure!]</small></div><div><small>Suicune is exerting its pressure!</small></div><div class="spacer"></div><div>The opposing Sableye used <strong>Calm Mind</strong>!</div><div><small>The opposing Sableye's Special Attack rose! The opposing Sableye's Special Defense rose! </small></div><div class="spacer"></div><div><small>Suicune restored a little HP using its Leftovers!</small></div><div><small>Suicune was hurt by its burn!</small></div><h2>Turn 90</h2><div class="chat message-error">You have 150 seconds to make your decision.</div><div class="spacer"></div><div>Suicune used <strong>Calm Mind</strong>!</div><div><small>Suicune's Special Attack rose! Suicune's Special Defense rose! </small></div><div class="spacer"></div><div>The opposing Sableye used <strong>Calm Mind</strong>!</div><div><small>The opposing Sableye's Special Attack rose! The opposing Sableye's Special Defense rose! </small></div><div class="spacer"></div><div><small>Suicune restored a little HP using its Leftovers!</small></div><div><small>Suicune was hurt by its burn!</small></div><h2>Turn 91</h2><div class="chat message-error">You have 150 seconds to make your decision.</div><div class="spacer"></div><div>Suicune used <strong>Scald</strong>!</div><div><small>The opposing Sableye lost 19% of its health!</small><br></div><div class="spacer"></div><div>The opposing Sableye used <strong>Shadow Ball</strong>!</div><div><small>Suicune lost <abbr title="−99/404">24.5%</abbr> of its health!</small><br></div><div><small>Suicune's Special Defense fell! </small></div><div class="spacer"></div><div><small>Suicune restored a little HP using its Leftovers!</small></div><div><small>Suicune was hurt by its burn!</small></div><h2>Turn 92</h2><div class="chat message-error">You have 150 seconds to make your decision.</div><div class="spacer"></div><div>Suicune used <strong>Rest</strong>!</div><div><small>Suicune fell asleep!</small></div><div><small>Suicune slept and became healthy!</small></div><div class="spacer"></div><div>The opposing Sableye used <strong>Calm Mind</strong>!</div><div><small>The opposing Sableye's Special Attack rose! The opposing Sableye's Special Defense rose! </small></div><h2>Turn 93</h2><div class="chat message-error">You have 150 seconds to make your decision.</div><div class="spacer"></div><div>Suicune, come back!</div><div class="spacer"></div><div>Go! Chansey!</div><div class="spacer"></div><div>The opposing Sableye used <strong>Calm Mind</strong>!</div><div><small>The opposing Sableye's Special Attack rose! The opposing Sableye's Special Defense rose! </small></div><h2>Turn 94</h2><div class="chat message-error">You have 150 seconds to make your decision.</div><div class="spacer"></div><div>Chansey used <strong>Heal Bell</strong>!</div><div><small>A bell chimed!</small></div><div class="spacer"></div><div>The opposing Sableye used <strong>Calm Mind</strong>!</div><div><small>The opposing Sableye's Special Attack rose! The opposing Sableye's Special Defense rose! </small></div><h2>Turn 95</h2><div class="chat message-error">You have 150 seconds to make your decision.</div><div class="spacer"></div><div>Chansey used <strong>Seismic Toss</strong>!</div><div><small>It doesn't affect the opposing Sableye... </small></div><div class="spacer"></div><div>The opposing Sableye used <strong>Shadow Ball</strong>!</div><div><small>It doesn't affect Chansey... </small></div><h2>Turn 96</h2><div class="chat message-error">You have 150 seconds to make your decision.</div><div class="spacer"></div><div>Chansey, come back!</div><div class="spacer"></div><div>Go! Suicune!</div><div><small>[Suicune's Pressure!]</small></div><div><small>Suicune is exerting its pressure!</small></div><div class="spacer"></div><div>The opposing Sableye used <strong>Recover</strong>!</div><div><small>The opposing Sableye restored its HP.</small></div><h2>Turn 97</h2><div class="chat message-error">You have 150 seconds to make your decision.</div><div class="spacer"></div><div>Suicune, come back!</div><div class="spacer"></div><div>Go! Chansey!</div><div class="spacer"></div><div>The opposing Sableye used <strong>Will-O-Wisp</strong>!</div><div><small>Chansey avoided the attack!</small></div><h2>Turn 98</h2><div class="chat message-error">You have 150 seconds to make your decision.</div><div class="spacer"></div><div>Chansey used <strong>Soft-Boiled</strong>!</div><div><small>Chansey restored its HP.</small></div><div class="spacer"></div><div>The opposing Sableye used <strong>Calm Mind</strong>!</div><div><small>The opposing Sableye's Special Attack rose! The opposing Sableye's Special Defense rose! </small></div><h2>Turn 99</h2><div class="chat message-error">You have 150 seconds to make your decision.</div><div class="spacer"></div><div>Chansey, come back!</div><div class="spacer"></div><div>Go! Sableye <small>(Sableye-Mega)</small>!</div><div class="spacer"></div><div>The opposing Sableye used <strong>Will-O-Wisp</strong>!</div><div><small>[Sableye's Magic Bounce!]</small></div><div>Sableye bounced the Will-O-Wisp back!</div><div><small>The opposing Sableye was burned!</small></div><div class="spacer"></div><div><small>The opposing Sableye was hurt by its burn!</small></div><h2>Turn 100</h2><div class="chat message-error">You have 150 seconds to make your decision.</div><div class="spacer"></div><div>Sableye, come back!</div><div class="spacer"></div><div>Go! Chansey!</div><div class="spacer"></div><div>Zepereira withdrew Sableye <small>(Sableye-Mega)</small>!</div><div class="spacer"></div><div>Zepereira sent out Dugtrio!</div><h2>Turn 101</h2><div class="chat message-error">You have 150 seconds to make your decision.</div><div class="spacer"></div><div>The opposing Dugtrio used <strong>Earthquake</strong>!</div><div><small>Chansey lost <abbr title="−267/703">38.0%</abbr> of its health!</small><br></div><div class="spacer"></div><div>Chansey used <strong>Seismic Toss</strong>!</div><div><small>The opposing Dugtrio lost 47% of its health!</small><br></div><h2>Turn 102</h2><div class="chat message-error">You have 150 seconds to make your decision.</div><div class="spacer"></div><div>The opposing Dugtrio used <strong>Stealth Rock</strong>!</div><div><small>Pointed stones float in the air around your team!</small></div><div class="spacer"></div><div>Chansey used <strong>Soft-Boiled</strong>!</div><div><small>Chansey restored its HP.</small></div><h2>Turn 103</h2><div class="chat message-error">You have 150 seconds to make your decision.</div><div class="spacer"></div><div>The opposing Dugtrio used <strong>Earthquake</strong>!</div><div><small>Chansey lost <abbr title="−237/703">33.7%</abbr> of its health!</small><br></div><div class="spacer"></div><div>Chansey used <strong>Stealth Rock</strong>!</div><div><small>Pointed stones float in the air around the opposing team!</small></div><h2>Turn 104</h2><div class="chat message-error">You have 150 seconds to make your decision.</div><div class="spacer"></div><div>The opposing Dugtrio used <strong>Earthquake</strong>!</div><div><small>Chansey lost <abbr title="−234/703">33.3%</abbr> of its health!</small><br></div><div class="spacer"></div><div>Chansey used <strong>Soft-Boiled</strong>!</div><div><small>Chansey restored its HP.</small></div><h2>Turn 105</h2><div class="chat message-error">You have 150 seconds to make your decision.</div><div class="spacer"></div><div>The opposing Dugtrio used <strong>Earthquake</strong>!</div><div><small>Chansey lost <abbr title="−264/703">37.6%</abbr> of its health!</small><br></div><div class="spacer"></div><div>Chansey used <strong>Soft-Boiled</strong>!</div><div><small>Chansey restored its HP.</small></div><h2>Turn 106</h2><div class="chat message-error">You have 150 seconds to make your decision.</div><div class="spacer"></div><div>The opposing Dugtrio used <strong>Earthquake</strong>!</div><div><small>Chansey lost <abbr title="−237/703">33.7%</abbr> of its health!</small><br></div><div class="spacer"></div><div>Chansey used <strong>Soft-Boiled</strong>!</div><div><small>Chansey restored its HP.</small></div><h2>Turn 107</h2><div class="chat message-error">You have 150 seconds to make your decision.</div><div class="spacer"></div><div>The opposing Dugtrio used <strong>Earthquake</strong>!</div><div><small>Chansey lost <abbr title="−276/703">39.3%</abbr> of its health!</small><br></div><div class="spacer"></div><div>Chansey used <strong>Seismic Toss</strong>!</div><div><small>The opposing Dugtrio lost 47% of its health!</small><br></div><h2>Turn 108</h2><div class="chat message-error">You have 150 seconds to make your decision.</div><div class="spacer"></div><div>Zepereira withdrew Dugtrio!</div><div class="spacer"></div><div>Zepereira sent out Mew!</div><div><small>Pointed stones dug into the opposing Mew!</small></div><div class="spacer"></div><div>Chansey used <strong>Seismic Toss</strong>!</div><div><small>The opposing Mew lost 25% of its health!</small><br></div><div class="spacer"></div><div><small>The opposing Mew restored a little HP using its Leftovers!</small></div><h2>Turn 109</h2><div class="chat message-error">You have 150 seconds to make your decision.</div><div class="spacer"></div><div>The opposing Mew used <strong>Will-O-Wisp</strong>!</div><div><small>Chansey was burned!</small></div><div class="spacer"></div><div>Chansey used <strong>Soft-Boiled</strong>!</div><div><small>Chansey restored its HP.</small></div><div class="spacer"></div><div><small>The opposing Mew restored a little HP using its Leftovers!</small></div><div><small>Chansey was hurt by its burn!</small></div><h2>Turn 110</h2><div class="chat message-error">You have 150 seconds to make your decision.</div><div class="spacer"></div><div><small>(Chansey's Natural Cure activated!)</small></div><div class="spacer"></div><div>Chansey, come back!</div><div class="spacer"></div><div>Go! Azumarill!</div><div><small>Pointed stones dug into Azumarill!</small></div><div class="spacer"></div><div>The opposing Mew used <strong>Will-O-Wisp</strong>!</div><div><small>Azumarill was burned!</small></div><div class="spacer"></div><div><small>The opposing Mew restored a little HP using its Leftovers!</small></div><div><small>Azumarill restored a little HP using its Leftovers!</small></div><div><small>Azumarill was hurt by its burn!</small></div><h2>Turn 111</h2><div class="chat message-error">You have 150 seconds to make your decision.</div><div class="spacer"></div><div>The opposing Mew used <strong>Knock Off</strong>!</div><div><small>It's not very effective... A critical hit! </small><small>Azumarill lost <abbr title="−47/404">11.6%</abbr> of its health!</small><br></div><div><small>The opposing Mew knocked off Azumarill's Leftovers!</small></div><div class="spacer"></div><div>Azumarill used <strong>Toxic</strong>!</div><div><small>The opposing Mew was badly poisoned!</small></div><div><small>[Opposing Mew's Synchronize!]</small></div><div><small>It doesn't affect Azumarill... </small></div><div class="spacer"></div><div><small>The opposing Mew restored a little HP using its Leftovers!</small></div><div><small>The opposing Mew was hurt by poison!</small></div><div><small>Azumarill was hurt by its burn!</small></div><h2>Turn 112</h2><div class="chat message-error">You have 150 seconds to make your decision.</div><div class="spacer"></div><div>The opposing Mew used <strong>Defog</strong>!</div><div><small>Azumarill's evasiveness fell! </small></div><div><small>The pointed stones disappeared from around your team!</small></div><div><small>The pointed stones disappeared from around the opposing team!</small></div><div class="spacer"></div><div>Azumarill used <strong>Toxic</strong>!</div><div><small>The opposing Mew is already poisoned.</small></div><div class="spacer"></div><div><small>The opposing Mew restored a little HP using its Leftovers!</small></div><div><small>The opposing Mew was hurt by poison!</small></div><div><small>Azumarill was hurt by its burn!</small></div><h2>Turn 113</h2><div class="chat message-error">You have 150 seconds to make your decision.</div><div class="spacer"></div><div>Zepereira withdrew Mew!</div><div class="spacer"></div><div>Zepereira sent out Vaporeon!</div><div class="spacer"></div><div>Azumarill used <strong>Rest</strong>!</div><div><small>Azumarill fell asleep!</small></div><div><small>Azumarill slept and became healthy!</small></div><h2>Turn 114</h2><div class="chat message-error">You have 150 seconds to make your decision.</div><div class="spacer"></div><div>The opposing Vaporeon used <strong>Heal Bell</strong>!</div><div><small>A bell chimed!</small></div><div class="spacer"></div><div>Azumarill is fast asleep.</div><h2>Turn 115</h2><div class="chat message-error">You have 150 seconds to make your decision.</div><div class="spacer"></div><div>Zepereira withdrew Vaporeon!</div><div class="spacer"></div><div>Zepereira sent out Sableye <small>(Sableye-Mega)</small>!</div><div class="spacer"></div><div>Azumarill is fast asleep.</div><h2>Turn 116</h2><div class="chat message-error">You have 150 seconds to make your decision.</div><div class="spacer"></div><div>Azumarill, come back!</div><div class="spacer"></div><div>Go! Suicune!</div><div><small>[Suicune's Pressure!]</small></div><div><small>Suicune is exerting its pressure!</small></div><div class="spacer"></div><div>The opposing Sableye used <strong>Calm Mind</strong>!</div><div><small>The opposing Sableye's Special Attack rose! The opposing Sableye's Special Defense rose! </small></div><h2>Turn 117</h2><div class="chat message-error">You have 150 seconds to make your decision.</div><div class="spacer"></div><div>Zepereira withdrew Sableye <small>(Sableye-Mega)</small>!</div><div class="spacer"></div><div>Zepereira sent out Shedinja!</div><div class="spacer"></div><div>Suicune used <strong>Calm Mind</strong>!</div><div><small>Suicune's Special Attack rose! Suicune's Special Defense rose! </small></div><h2>Turn 118</h2><div class="chat message-error">You have 150 seconds to make your decision.</div><div class="spacer"></div><div>Suicune, come back!</div><div class="spacer"></div><div>Go! Azumarill!</div><div class="spacer"></div><div>Zepereira withdrew Shedinja!</div><div class="spacer"></div><div>Zepereira sent out Vaporeon!</div><h2>Turn 119</h2><div class="chat message-error">You have 150 seconds to make your decision.</div><div class="spacer"></div><div>Zepereira withdrew Vaporeon!</div><div class="spacer"></div><div>Zepereira sent out Sableye <small>(Sableye-Mega)</small>!</div><div><small>Azumarill woke up!</small></div><div class="spacer"></div><div>Azumarill used <strong>Aqua Jet</strong>!</div><div><small>The opposing Sableye lost 5% of its health!</small><br></div><h2>Turn 120</h2><div class="chat message-error">You have 150 seconds to make your decision.</div><div class="spacer"></div><div>Azumarill, come back!</div><div class="spacer"></div><div>Go! Suicune!</div><div><small>[Suicune's Pressure!]</small></div><div><small>Suicune is exerting its pressure!</small></div><div class="spacer"></div><div>The opposing Sableye used <strong>Recover</strong>!</div><div><small>The opposing Sableye restored its HP.</small></div><h2>Turn 121</h2><div class="chat message-error">You have 150 seconds to make your decision.</div><div class="spacer"></div><div>Suicune, come back!</div><div class="spacer"></div><div>Go! Sableye <small>(Sableye-Mega)</small>!</div><div class="spacer"></div><div>Zepereira withdrew Sableye <small>(Sableye-Mega)</small>!</div><div class="spacer"></div><div>Zepereira sent out Vaporeon!</div><h2>Turn 122</h2><div class="chat message-error">You have 150 seconds to make your decision.</div><div class="spacer"></div><div>The opposing Vaporeon used <strong>Protect</strong>!</div><div><small>The opposing Vaporeon protected itself!</small></div><div class="spacer"></div><div>Sableye used <strong>Fake Out</strong>!</div><div><small>The opposing Vaporeon protected itself!</small></div><h2>Turn 123</h2><div class="chat message-error">You have 150 seconds to make your decision.</div><div class="spacer"></div><div>Sableye, come back!</div><div class="spacer"></div><div>Go! Chansey!</div><div class="spacer"></div><div>The opposing Vaporeon used <strong>Wish</strong>!</div><h2>Turn 124</h2><div class="chat message-error">You have 150 seconds to make your decision.</div><div class="spacer"></div><div>Zepereira withdrew Vaporeon!</div><div class="spacer"></div><div>Zepereira sent out Mew!</div><div class="spacer"></div><div>Chansey, come back!</div><div class="spacer"></div><div>Go! Suicune!</div><div><small>[Suicune's Pressure!]</small></div><div><small>Suicune is exerting its pressure!</small></div><div class="spacer"></div><div><small>Vaporeon's wish came true!</small></div><h2>Turn 125</h2><div class="chat message-error">You have 150 seconds to make your decision.</div><div class="spacer"></div><div>Suicune, come back!</div><div class="spacer"></div><div>Go! Chansey!</div><div class="spacer"></div><div>The opposing Mew used <strong>Knock Off</strong>!</div><div><small>Chansey lost <abbr title="−100/703">14.2%</abbr> of its health!</small><br></div><h2>Turn 126</h2><div class="chat message-error">You have 150 seconds to make your decision.</div><div class="spacer"></div><div>Zepereira withdrew Mew!</div><div class="spacer"></div><div>Zepereira sent out Sableye <small>(Sableye-Mega)</small>!</div><div class="spacer"></div><div>Chansey, come back!</div><div class="spacer"></div><div>Go! Azumarill!</div><h2>Turn 127</h2><div class="chat message-error">You have 150 seconds to make your decision.</div><div class="spacer"></div><div>Azumarill, come back!</div><div class="spacer"></div><div>Go! Sableye <small>(Sableye-Mega)</small>!</div><div class="spacer"></div><div>Zepereira withdrew Sableye <small>(Sableye-Mega)</small>!</div><div class="spacer"></div><div>Zepereira sent out Mew!</div><h2>Turn 128</h2><div class="chat message-error">You have 150 seconds to make your decision.</div><div class="spacer"></div><div>The opposing Mew used <strong>Will-O-Wisp</strong>!</div><div><small>[Sableye's Magic Bounce!]</small></div><div>Sableye bounced the Will-O-Wisp back!</div><div><small>The opposing Mew avoided the attack!</small></div><div class="spacer"></div><div>Sableye used <strong>Knock Off</strong>!</div><div><small>It's super effective! </small><small>The opposing Mew lost 33% of its health!</small><br></div><div><small>Sableye knocked off the opposing Mew's Leftovers!</small></div><h2>Turn 129</h2><div class="chat message-error">You have 150 seconds to make your decision.</div><div class="spacer"></div><div>Sableye, come back!</div><div class="spacer"></div><div>Go! Chansey!</div><div class="spacer"></div><div>The opposing Mew used <strong>Will-O-Wisp</strong>!</div><div><small>Chansey was burned!</small></div><div class="spacer"></div><div><small>Chansey was hurt by its burn!</small></div><h2>Turn 130</h2><div class="chat message-error">You have 150 seconds to make your decision.</div><div class="spacer"></div><div>The opposing Mew used <strong>Soft-Boiled</strong>!</div><div><small>The opposing Mew restored its HP.</small></div><div class="spacer"></div><div>Chansey used <strong>Soft-Boiled</strong>!</div><div><small>Chansey restored its HP.</small></div><div class="spacer"></div><div><small>Chansey was hurt by its burn!</small></div><h2>Turn 131</h2><div class="chat message-error">You have 150 seconds to make your decision.</div><div class="spacer"></div><div>Zepereira withdrew Mew!</div><div class="spacer"></div><div>Zepereira sent out Sableye <small>(Sableye-Mega)</small>!</div><div><small>(Chansey's Natural Cure activated!)</small></div><div class="spacer"></div><div>Chansey, come back!</div><div class="spacer"></div><div>Go! Azumarill!</div><h2>Turn 132</h2><div class="chat message-error">You have 150 seconds to make your decision.</div><div class="spacer"></div><div>Azumarill, come back!</div><div class="spacer"></div><div>Go! Sableye <small>(Sableye-Mega)</small>!</div><div class="spacer"></div><div>Zepereira withdrew Sableye <small>(Sableye-Mega)</small>!</div><div class="spacer"></div><div>Zepereira sent out Mew!</div><h2>Turn 133</h2><div class="chat message-error">You have 150 seconds to make your decision.</div><div class="spacer"></div><div>Sableye, come back!</div><div class="spacer"></div><div>Go! Azumarill!</div><div class="spacer"></div><div>The opposing Mew used <strong>Will-O-Wisp</strong>!</div><div><small>Azumarill was burned!</small></div><div class="spacer"></div><div><small>Azumarill was hurt by its burn!</small></div><h2>Turn 134</h2><div class="chat message-error">You have 150 seconds to make your decision.</div><div class="spacer"></div><div>Zepereira withdrew Mew!</div><div class="spacer"></div><div>Zepereira sent out Sableye <small>(Sableye-Mega)</small>!</div><div class="spacer"></div><div>Azumarill, come back!</div><div class="spacer"></div><div>Go! Chansey!</div><h2>Turn 135</h2><div class="chat message-error">You have 150 seconds to make your decision.</div><div class="spacer"></div><div>Chansey, come back!</div><div class="spacer"></div><div>Go! Sableye <small>(Sableye-Mega)</small>!</div><div class="spacer"></div><div>The opposing Sableye used <strong>Calm Mind</strong>!</div><div><small>The opposing Sableye's Special Attack rose! The opposing Sableye's Special Defense rose! </small></div><h2>Turn 136</h2><div class="chat message-error">You have 150 seconds to make your decision.</div><div class="spacer"></div><div>Sableye, come back!</div><div class="spacer"></div><div>Go! Suicune!</div><div><small>[Suicune's Pressure!]</small></div><div><small>Suicune is exerting its pressure!</small></div><div class="spacer"></div><div>Zepereira withdrew Sableye <small>(Sableye-Mega)</small>!</div><div class="spacer"></div><div>Zepereira sent out Mew!</div><h2>Turn 137</h2><div class="chat message-error">You have 150 seconds to make your decision.</div><div class="spacer"></div><div>Zepereira withdrew Mew!</div><div class="spacer"></div><div>Zepereira sent out Vaporeon!</div><div class="spacer"></div><div>Suicune, come back!</div><div class="spacer"></div><div>Go! Azumarill!</div><div class="spacer"></div><div><small>Azumarill was hurt by its burn!</small></div><h2>Turn 138</h2><div class="chat message-error">You have 150 seconds to make your decision.</div><div class="spacer"></div><div>Zepereira withdrew Vaporeon!</div><div class="spacer"></div><div>Zepereira sent out Sableye <small>(Sableye-Mega)</small>!</div><div class="spacer"></div><div>Azumarill used <strong>Toxic</strong>!</div><div><small>[Opposing Sableye's Magic Bounce!]</small></div><div>The opposing Sableye bounced the Toxic back!</div><div><small>But it failed!</small></div><div class="spacer"></div><div><small>Azumarill was hurt by its burn!</small></div><h2>Turn 139</h2><div class="chat message-error">You have 150 seconds to make your decision.</div><div class="spacer"></div><div>Azumarill, come back!</div><div class="spacer"></div><div>Go! Quagsire!</div><div class="spacer"></div><div>The opposing Sableye used <strong>Calm Mind</strong>!</div><div><small>The opposing Sableye's Special Attack rose! The opposing Sableye's Special Defense rose! </small></div><div class="spacer"></div><div><small>Quagsire restored a little HP using its Leftovers!</small></div><h2>Turn 140</h2><div class="chat message-error">You have 150 seconds to make your decision.</div><div class="spacer"></div><div>Zepereira withdrew Sableye <small>(Sableye-Mega)</small>!</div><div class="spacer"></div><div>Zepereira sent out Mew!</div><div class="spacer"></div><div>Quagsire used <strong>Scald</strong>!</div><div><small>The opposing Mew lost 18% of its health!</small><br></div><div class="spacer"></div><div><small>Quagsire restored a little HP using its Leftovers!</small></div><h2>Turn 141</h2><div class="chat message-error">You have 150 seconds to make your decision.</div><div class="spacer"></div><div>Quagsire, come back!</div><div class="spacer"></div><div>Go! Azumarill!</div><div class="spacer"></div><div>The opposing Mew used <strong>Will-O-Wisp</strong>!</div><div><small>Azumarill avoided the attack!</small></div><div class="spacer"></div><div><small>Azumarill was hurt by its burn!</small></div><h2>Turn 142</h2><div class="chat message-error">You have 150 seconds to make your decision.</div><div class="spacer"></div><div>Zepereira withdrew Mew!</div><div class="spacer"></div><div>Zepereira sent out Dugtrio!</div><div class="spacer"></div><div>Azumarill used <strong>Rest</strong>!</div><div><small>Azumarill fell asleep!</small></div><div><small>Azumarill slept and became healthy!</small></div><h2>Turn 143</h2><div class="chat message-error">You have 150 seconds to make your decision.</div><div class="spacer"></div><div>The opposing Dugtrio used <strong>Stealth Rock</strong>!</div><div><small>Pointed stones float in the air around your team!</small></div><div class="spacer"></div><div>Azumarill is fast asleep.</div><h2>Turn 144</h2><div class="chat message-error">You have 150 seconds to make your decision.</div><div class="spacer"></div><div>The opposing Dugtrio used <strong>Earthquake</strong>!</div><div><small>A critical hit! </small><small>Azumarill lost <abbr title="−175/404">43.3%</abbr> of its health!</small><br></div><div class="spacer"></div><div>Azumarill is fast asleep.</div><h2>Turn 145</h2><div class="chat message-error">You have 150 seconds to make your decision.</div><div class="spacer"></div><div><small>Azumarill woke up!</small></div><div class="spacer"></div><div>Azumarill used <strong>Aqua Jet</strong>!</div><div><small>It's super effective! </small><small>The opposing Dugtrio lost 6% of its health!</small><br></div><div class="spacer"></div><div>The opposing Dugtrio fainted!</div><div class="spacer"></div><div>Zepereira sent out Talonflame!</div><h2>Turn 146</h2><div class="chat message-error">You have 150 seconds to make your decision.</div><div class="spacer"></div><div>The opposing Talonflame used <strong>Will-O-Wisp</strong>!</div><div><small>Azumarill was burned!</small></div><div class="spacer"></div><div>Azumarill used <strong>Toxic</strong>!</div><div><small>The opposing Talonflame was badly poisoned!</small></div><div class="spacer"></div><div><small>The opposing Talonflame restored a little HP using its Leftovers!</small></div><div><small>The opposing Talonflame was hurt by poison!</small></div><div><small>Azumarill was hurt by its burn!</small></div><h2>Turn 147</h2><div class="chat message-error">You have 150 seconds to make your decision.</div><div class="spacer"></div><div>Zepereira withdrew Talonflame!</div><div class="spacer"></div><div>Zepereira sent out Mew!</div><div class="spacer"></div><div>Azumarill, come back!</div><div class="spacer"></div><div>Go! Quagsire!</div><div><small>Pointed stones dug into Quagsire!</small></div><div class="spacer"></div><div><small>Quagsire restored a little HP using its Leftovers!</small></div><h2>Turn 148</h2><div class="chat message-error">You have 150 seconds to make your decision.</div><div class="spacer"></div><div>Quagsire, come back!</div><div class="spacer"></div><div>Go! Chansey!</div><div><small>Pointed stones dug into Chansey!</small></div><div class="spacer"></div><div>The opposing Mew used <strong>Knock Off</strong>!</div><div><small>Chansey lost <abbr title="−100/703">14.2%</abbr> of its health!</small><br></div><h2>Turn 149</h2><div class="chat message-error">You have 150 seconds to make your decision.</div><div class="spacer"></div><div>Chansey, come back!</div><div class="spacer"></div><div>Go! Skarmory!</div><div><small>Pointed stones dug into Skarmory!</small></div><div class="spacer"></div><div>The opposing Mew used <strong>Will-O-Wisp</strong>!</div><div><small>Skarmory was burned!</small></div><div class="spacer"></div><div><small>Skarmory was hurt by its burn!</small></div><h2>Turn 150</h2><div class="chat message-error">You have 150 seconds to make your decision.</div><div class="spacer"></div><div>The opposing Mew used <strong>Knock Off</strong>!</div><div><small>Skarmory lost <abbr title="−42/333">12.6%</abbr> of its health!</small><br></div><div><small>The opposing Mew is hurt by Skarmory's Rocky Helmet!</small></div><div><small>The opposing Mew knocked off Skarmory's Rocky Helmet!</small></div><div class="spacer"></div><div>Skarmory used <strong>Defog</strong>!</div><div><small>The opposing Mew's evasiveness fell! </small></div><div><small>The pointed stones disappeared from around your team!</small></div><div class="spacer"></div><div><small>Skarmory was hurt by its burn!</small></div><h2>Turn 151</h2><div class="chat message-error">You have 150 seconds to make your decision.</div><div class="spacer"></div><div>Zepereira withdrew Mew!</div><div class="spacer"></div><div>Zepereira sent out Sableye <small>(Sableye-Mega)</small>!</div><div class="spacer"></div><div>Skarmory used <strong>Roost</strong>!</div><div><small>Skarmory restored its HP.</small></div><div class="spacer"></div><div><small>Skarmory was hurt by its burn!</small></div><h2>Turn 152</h2><div class="chat message-error">You have 150 seconds to make your decision.</div><div class="spacer"></div><div>Skarmory, come back!</div><div class="spacer"></div><div>Go! Chansey!</div><div class="spacer"></div><div>Zepereira withdrew Sableye <small>(Sableye-Mega)</small>!</div><div class="spacer"></div><div>Zepereira sent out Mew!</div><h2>Turn 153</h2><div class="chat message-error">You have 150 seconds to make your decision.</div><div class="spacer"></div><div>The opposing Mew used <strong>Knock Off</strong>!</div><div><small>Chansey lost <abbr title="−94/703">13.4%</abbr> of its health!</small><br></div><div class="spacer"></div><div>Chansey used <strong>Heal Bell</strong>!</div><div><small>A bell chimed!</small></div><h2>Turn 154</h2><div class="chat message-error">You have 150 seconds to make your decision.</div><div class="spacer"></div><div>The opposing Mew used <strong>Will-O-Wisp</strong>!</div><div><small>Chansey was burned!</small></div><div class="spacer"></div><div>Chansey used <strong>Soft-Boiled</strong>!</div><div><small>Chansey restored its HP.</small></div><div class="spacer"></div><div><small>Chansey was hurt by its burn!</small></div><h2>Turn 155</h2><div class="chat message-error">You have 150 seconds to make your decision.</div><div class="spacer"></div><div><small>(Chansey's Natural Cure activated!)</small></div><div class="spacer"></div><div>Chansey, come back!</div><div class="spacer"></div><div>Go! Azumarill!</div><div class="spacer"></div><div>The opposing Mew used <strong>Soft-Boiled</strong>!</div><div><small>The opposing Mew restored its HP.</small></div><h2>Turn 156</h2><div class="chat message-error">You have 150 seconds to make your decision.</div><div class="spacer"></div><div>Zepereira withdrew Mew!</div><div class="spacer"></div><div>Zepereira sent out Sableye <small>(Sableye-Mega)</small>!</div><div class="spacer"></div><div>Azumarill used <strong>Rest</strong>!</div><div><small>Azumarill fell asleep!</small></div><div><small>Azumarill slept and became healthy!</small></div><h2>Turn 157</h2><div class="chat message-error">You have 150 seconds to make your decision.</div><div class="spacer"></div><div>Azumarill, come back!</div><div class="spacer"></div><div>Go! Sableye <small>(Sableye-Mega)</small>!</div><div class="spacer"></div><div>Zepereira withdrew Sableye <small>(Sableye-Mega)</small>!</div><div class="spacer"></div><div>Zepereira sent out Vaporeon!</div><h2>Turn 158</h2><div class="chat message-error">You have 150 seconds to make your decision.</div><div class="spacer"></div><div>Sableye, come back!</div><div class="spacer"></div><div>Go! Azumarill!</div><div class="spacer"></div><div>The opposing Vaporeon used <strong>Scald</strong>!</div><div><small>It's not very effective... </small><small>Azumarill lost <abbr title="−58/404">14.4%</abbr> of its health!</small><br></div><h2>Turn 159</h2><div class="chat message-error">You have 150 seconds to make your decision.</div><div class="spacer"></div><div>The opposing Vaporeon used <strong>Wish</strong>!</div><div class="spacer"></div><div>Azumarill is fast asleep.</div><h2>Turn 160</h2><div class="chat message-error">You have 150 seconds to make your decision.</div><div class="spacer"></div><div>Zepereira withdrew Vaporeon!</div><div class="spacer"></div><div>Zepereira sent out Mew!</div><div class="spacer"></div><div>Azumarill is fast asleep.</div><h2>Turn 161</h2><div class="chat message-error">You have 150 seconds to make your decision.</div><div class="spacer"></div><div>Zepereira withdrew Mew!</div><div class="spacer"></div><div>Zepereira sent out Sableye <small>(Sableye-Mega)</small>!</div><div class="spacer"></div><div>Azumarill, come back!</div><div class="spacer"></div><div>Go! Chansey!</div><h2>Turn 162</h2><div class="chat message-error">You have 150 seconds to make your decision.</div><div class="spacer"></div><div>Chansey, come back!</div><div class="spacer"></div><div>Go! Suicune!</div><div><small>[Suicune's Pressure!]</small></div><div><small>Suicune is exerting its pressure!</small></div><div class="spacer"></div><div>The opposing Sableye used <strong>Calm Mind</strong>!</div><div><small>The opposing Sableye's Special Attack rose! The opposing Sableye's Special Defense rose! </small></div><h2>Turn 163</h2><div class="chat message-error">You have 150 seconds to make your decision.</div><div class="spacer"></div><div>Zepereira withdrew Sableye <small>(Sableye-Mega)</small>!</div><div class="spacer"></div><div>Zepereira sent out Mew!</div><div class="spacer"></div><div>Suicune used <strong>Calm Mind</strong>!</div><div><small>Suicune's Special Attack rose! Suicune's Special Defense rose! </small></div><h2>Turn 164</h2><div class="chat message-error">You have 150 seconds to make your decision.</div><div class="spacer"></div><div>Suicune, come back!</div><div class="spacer"></div><div>Go! Chansey!</div><div class="spacer"></div><div>The opposing Mew used <strong>Knock Off</strong>!</div><div><small>Chansey lost <abbr title="−96/703">13.7%</abbr> of its health!</small><br></div><h2>Turn 165</h2><div class="chat message-error">You have 150 seconds to make your decision.</div><div class="spacer"></div><div>The opposing Mew used <strong>Will-O-Wisp</strong>!</div><div><small>Chansey was burned!</small></div><div class="spacer"></div><div>Chansey used <strong>Seismic Toss</strong>!</div><div><small>The opposing Mew lost 24% of its health!</small><br></div><div class="spacer"></div><div><small>Chansey was hurt by its burn!</small></div><h2>Turn 166</h2><div class="chat message-error">You have 150 seconds to make your decision.</div><div class="spacer"></div><div><small>(Chansey's Natural Cure activated!)</small></div><div class="spacer"></div><div>Chansey, come back!</div><div class="spacer"></div><div>Go! Azumarill!</div><div class="spacer"></div><div>The opposing Mew used <strong>Knock Off</strong>!</div><div><small>It's not very effective... </small><small>Azumarill lost <abbr title="−20/404">5.0%</abbr> of its health!</small><br></div><h2>Turn 167</h2><div class="chat message-error">You have 150 seconds to make your decision.</div><div class="spacer"></div><div>Zepereira withdrew Mew!</div><div class="spacer"></div><div>Zepereira sent out Sableye <small>(Sableye-Mega)</small>!</div><div><small>Azumarill woke up!</small></div><div class="spacer"></div><div>Azumarill used <strong>Aqua Jet</strong>!</div><div><small>The opposing Sableye lost 5% of its health!</small><br></div><h2>Turn 168</h2><div class="chat message-error">You have 150 seconds to make your decision.</div><div class="spacer"></div><div>Azumarill, come back!</div><div class="spacer"></div><div>Go! Suicune!</div><div><small>[Suicune's Pressure!]</small></div><div><small>Suicune is exerting its pressure!</small></div><div class="spacer"></div><div>Zepereira withdrew Sableye <small>(Sableye-Mega)</small>!</div><div class="spacer"></div><div>Zepereira sent out Mew!</div><h2>Turn 169</h2><div class="chat message-error">You have 150 seconds to make your decision.</div><div class="spacer"></div><div>Zepereira withdrew Mew!</div><div class="spacer"></div><div>Zepereira sent out Shedinja!</div><div class="spacer"></div><div>Suicune, come back!</div><div class="spacer"></div><div>Go! Chansey!</div><h2>Turn 170</h2><div class="chat message-error">You have 150 seconds to make your decision.</div><div class="spacer"></div><div>The opposing Shedinja used <strong>Baton Pass</strong>!</div><div class="spacer"></div><div>Zepereira sent out Sableye <small>(Sableye-Mega)</small>!</div><div class="spacer"></div><div>Chansey used <strong>Soft-Boiled</strong>!</div><div><small>Chansey restored its HP.</small></div><h2>Turn 171</h2><div class="chat message-error">You have 150 seconds to make your decision.</div><div class="spacer"></div><div>Chansey, come back!</div><div class="spacer"></div><div>Go! Suicune!</div><div><small>[Suicune's Pressure!]</small></div><div><small>Suicune is exerting its pressure!</small></div><div class="spacer"></div><div>Zepereira withdrew Sableye <small>(Sableye-Mega)</small>!</div><div class="spacer"></div><div>Zepereira sent out Mew!</div><h2>Turn 172</h2><div class="chat message-error">You have 150 seconds to make your decision.</div><div class="spacer"></div><div>Suicune, come back!</div><div class="spacer"></div><div>Go! Azumarill!</div><div class="spacer"></div><div>The opposing Mew used <strong>Soft-Boiled</strong>!</div><div><small>The opposing Mew restored its HP.</small></div><h2>Turn 173</h2><div class="chat message-error">You have 150 seconds to make your decision.</div><div class="spacer"></div><div>Zepereira withdrew Mew!</div><div class="spacer"></div><div>Zepereira sent out Sableye <small>(Sableye-Mega)</small>!</div><div class="spacer"></div><div>Azumarill, come back!</div><div class="spacer"></div><div>Go! Chansey!</div><h2>Turn 174</h2><div class="chat message-error">You have 150 seconds to make your decision.</div><div class="spacer"></div><div>Zepereira withdrew Sableye <small>(Sableye-Mega)</small>!</div><div class="spacer"></div><div>Zepereira sent out Mew!</div><div class="spacer"></div><div>Chansey used <strong>Seismic Toss</strong>!</div><div><small>The opposing Mew lost 24% of its health!</small><br></div><h2>Turn 175</h2><div class="chat message-error">You have 150 seconds to make your decision.</div><div class="spacer"></div><div>Chansey, come back!</div><div class="spacer"></div><div>Go! Azumarill!</div><div class="spacer"></div><div>The opposing Mew used <strong>Will-O-Wisp</strong>!</div><div><small>Azumarill avoided the attack!</small></div><h2>Turn 176</h2><div class="chat message-error">You have 150 seconds to make your decision.</div><div class="spacer"></div><div>Zepereira withdrew Mew!</div><div class="spacer"></div><div>Zepereira sent out Sableye <small>(Sableye-Mega)</small>!</div><div class="spacer"></div><div>Azumarill, come back!</div><div class="spacer"></div><div>Go! Chansey!</div><h2>Turn 177</h2><div class="chat message-error">You have 150 seconds to make your decision.</div><div class="spacer"></div><div>Chansey, come back!</div><div class="spacer"></div><div>Go! Suicune!</div><div><small>[Suicune's Pressure!]</small></div><div><small>Suicune is exerting its pressure!</small></div><div class="spacer"></div><div>Zepereira withdrew Sableye <small>(Sableye-Mega)</small>!</div><div class="spacer"></div><div>Zepereira sent out Mew!</div><h2>Turn 178</h2><div class="chat message-error">You have 150 seconds to make your decision.</div><div class="spacer"></div><div>Zepereira withdrew Mew!</div><div class="spacer"></div><div>Zepereira sent out Shedinja!</div><div class="spacer"></div><div>Suicune, come back!</div><div class="spacer"></div><div>Go! Chansey!</div><h2>Turn 179</h2><div class="chat message-error">You have 150 seconds to make your decision.</div><div class="spacer"></div><div>Chansey, come back!</div><div class="spacer"></div><div>Go! Sableye <small>(Sableye-Mega)</small>!</div><div class="spacer"></div><div>The opposing Shedinja used <strong>Baton Pass</strong>!</div><div class="spacer"></div><div>Zepereira sent out Mew!</div><h2>Turn 180</h2><div class="chat message-error">You have 150 seconds to make your decision.</div><div class="spacer"></div><div>Sableye, come back!</div><div class="spacer"></div><div>Go! Chansey!</div><div class="spacer"></div><div>The opposing Mew used <strong>Will-O-Wisp</strong>!</div><div><small>Chansey was burned!</small></div><div class="spacer"></div><div><small>Chansey was hurt by its burn!</small></div><h2>Turn 181</h2><div class="chat message-error">You have 150 seconds to make your decision.</div><div class="spacer"></div><div>Zepereira withdrew Mew!</div><div class="spacer"></div><div>Zepereira sent out Sableye <small>(Sableye-Mega)</small>!</div><div><small>(Chansey's Natural Cure activated!)</small></div><div class="spacer"></div><div>Chansey, come back!</div><div class="spacer"></div><div>Go! Azumarill!</div><h2>Turn 182</h2><div class="chat message-error">You have 150 seconds to make your decision.</div><div class="spacer"></div><div>Azumarill, come back!</div><div class="spacer"></div><div>Go! Suicune!</div><div><small>[Suicune's Pressure!]</small></div><div><small>Suicune is exerting its pressure!</small></div><div class="spacer"></div><div>The opposing Sableye used <strong>Will-O-Wisp</strong>!</div><div><small>Suicune was burned!</small></div><div class="spacer"></div><div><small>Suicune was hurt by its burn!</small></div><h2>Turn 183</h2><div class="chat message-error">You have 150 seconds to make your decision.</div><div class="spacer"></div><div>Zepereira withdrew Sableye <small>(Sableye-Mega)</small>!</div><div class="spacer"></div><div>Zepereira sent out Shedinja!</div><div class="spacer"></div><div>Suicune used <strong>Calm Mind</strong>!</div><div><small>Suicune's Special Attack rose! Suicune's Special Defense rose! </small></div><div class="spacer"></div><div><small>Suicune restored a little HP using its Leftovers!</small></div><div><small>Suicune was hurt by its burn!</small></div><h2>Turn 184</h2><div class="chat message-error">You have 150 seconds to make your decision.</div><div class="spacer"></div><div>Suicune, come back!</div><div class="spacer"></div><div>Go! Skarmory!</div><div class="spacer"></div><div>The opposing Shedinja used <strong>Baton Pass</strong>!</div><div class="spacer"></div><div>Zepereira sent out Sableye <small>(Sableye-Mega)</small>!</div><h2>Turn 185</h2><div class="chat message-error">You have 150 seconds to make your decision.</div><div class="spacer"></div><div>Skarmory, come back!</div><div class="spacer"></div><div>Go! Suicune!</div><div><small>[Suicune's Pressure!]</small></div><div><small>Suicune is exerting its pressure!</small></div><div class="spacer"></div><div>Zepereira withdrew Sableye <small>(Sableye-Mega)</small>!</div><div class="spacer"></div><div>Zepereira sent out Mew!</div><div class="spacer"></div><div><small>Suicune restored a little HP using its Leftovers!</small></div><div><small>Suicune was hurt by its burn!</small></div><h2>Turn 186</h2><div class="chat message-error">You have 150 seconds to make your decision.</div><div class="spacer"></div><div>Suicune, come back!</div><div class="spacer"></div><div>Go! Chansey!</div><div class="spacer"></div><div>The opposing Mew used <strong>Knock Off</strong>!</div><div><small>Chansey lost <abbr title="−102/703">14.5%</abbr> of its health!</small><br></div><h2>Turn 187</h2><div class="chat message-error">You have 150 seconds to make your decision.</div><div class="spacer"></div><div>Chansey, come back!</div><div class="spacer"></div><div>Go! Sableye <small>(Sableye-Mega)</small>!</div><div class="spacer"></div><div>The opposing Mew used <strong>Will-O-Wisp</strong>!</div><div><small>[Sableye's Magic Bounce!]</small></div><div>Sableye bounced the Will-O-Wisp back!</div><div><small>The opposing Mew was burned!</small></div><div><small>[Opposing Mew's Synchronize!]</small></div><div><small>Sableye was burned!</small></div><div class="spacer"></div><div><small>The opposing Mew was hurt by its burn!</small></div><div><small>Sableye was hurt by its burn!</small></div><h2>Turn 188</h2><div class="chat message-error">You have 150 seconds to make your decision.</div><div class="spacer"></div><div>Zepereira withdrew Mew!</div><div class="spacer"></div><div>Zepereira sent out Sableye <small>(Sableye-Mega)</small>!</div><div class="spacer"></div><div>Sableye, come back!</div><div class="spacer"></div><div>Go! Azumarill!</div><h2>Turn 189</h2><div class="chat message-error">You have 150 seconds to make your decision.</div><div class="spacer"></div><div>Azumarill, come back!</div><div class="spacer"></div><div>Go! Suicune!</div><div><small>[Suicune's Pressure!]</small></div><div><small>Suicune is exerting its pressure!</small></div><div class="spacer"></div><div>Zepereira withdrew Sableye <small>(Sableye-Mega)</small>!</div><div class="spacer"></div><div>Zepereira sent out Vaporeon!</div><div class="spacer"></div><div><small>Suicune restored a little HP using its Leftovers!</small></div><div><small>Suicune was hurt by its burn!</small></div><h2>Turn 190</h2><div class="chat message-error">You have 150 seconds to make your decision.</div><div class="spacer"></div><div>Zepereira withdrew Vaporeon!</div><div class="spacer"></div><div>Zepereira sent out Mew!</div><div class="spacer"></div><div>Suicune used <strong>Rest</strong>!</div><div><small>Suicune fell asleep!</small></div><div><small>Suicune slept and became healthy!</small></div><div class="spacer"></div><div><small>The opposing Mew was hurt by its burn!</small></div><h2>Turn 191</h2><div class="chat message-error">You have 150 seconds to make your decision.</div><div class="spacer"></div><div>Suicune, come back!</div><div class="spacer"></div><div>Go! Azumarill!</div><div class="spacer"></div><div>The opposing Mew used <strong>Knock Off</strong>!</div><div><small>It's not very effective... </small><small>Azumarill lost <abbr title="−10/404">2.5%</abbr> of its health!</small><br></div><div class="spacer"></div><div><small>The opposing Mew was hurt by its burn!</small></div><h2>Turn 192</h2><div class="chat message-error">You have 150 seconds to make your decision.</div><div class="spacer"></div><div>Azumarill used <strong>Aqua Jet</strong>!</div><div><small>The opposing Mew lost 5% of its health!</small><br></div><div class="spacer"></div><div>The opposing Mew used <strong>Soft-Boiled</strong>!</div><div><small>The opposing Mew restored its HP.</small></div><div class="spacer"></div><div><small>The opposing Mew was hurt by its burn!</small></div><h2>Turn 193</h2><div class="chat message-error">You have 150 seconds to make your decision.</div><div class="spacer"></div><div>Zepereira withdrew Mew!</div><div class="spacer"></div><div>Zepereira sent out Sableye <small>(Sableye-Mega)</small>!</div><div class="spacer"></div><div>Azumarill, come back!</div><div class="spacer"></div><div>Go! Chansey!</div><h2>Turn 194</h2><div class="chat message-error">You have 150 seconds to make your decision.</div><div class="spacer"></div><div>Chansey, come back!</div><div class="spacer"></div><div>Go! Suicune!</div><div><small>[Suicune's Pressure!]</small></div><div><small>Suicune is exerting its pressure!</small></div><div class="spacer"></div><div>The opposing Sableye used <strong>Calm Mind</strong>!</div><div><small>The opposing Sableye's Special Attack rose! The opposing Sableye's Special Defense rose! </small></div><h2>Turn 195</h2><div class="chat message-error">You have 150 seconds to make your decision.</div><div class="spacer"></div><div>Suicune is fast asleep.</div><div class="spacer"></div><div>The opposing Sableye used <strong>Calm Mind</strong>!</div><div><small>The opposing Sableye's Special Attack rose! The opposing Sableye's Special Defense rose! </small></div><h2>Turn 196</h2><div class="chat message-error">You have 150 seconds to make your decision.</div><div class="spacer"></div><div>Suicune is fast asleep.</div><div class="spacer"></div><div>The opposing Sableye used <strong>Calm Mind</strong>!</div><div><small>The opposing Sableye's Special Attack rose! The opposing Sableye's Special Defense rose! </small></div><h2>Turn 197</h2><div class="chat message-error">You have 150 seconds to make your decision.</div><div class="spacer"></div><div>Suicune, come back!</div><div class="spacer"></div><div>Go! Quagsire!</div><div class="spacer"></div><div>The opposing Sableye used <strong>Shadow Ball</strong>!</div><div><small>Quagsire lost <abbr title="−118/394">29.9%</abbr> of its health!</small><br></div><div class="spacer"></div><div><small>Quagsire restored a little HP using its Leftovers!</small></div><h2>Turn 198</h2><div class="chat message-error">You have 150 seconds to make your decision.</div><div class="spacer"></div><div>Quagsire used <strong>Scald</strong>!</div><div><small>The opposing Sableye lost 21% of its health!</small><br></div><div class="spacer"></div><div>The opposing Sableye used <strong>Calm Mind</strong>!</div><div><small>The opposing Sableye's Special Attack rose! The opposing Sableye's Special Defense rose! </small></div><div class="spacer"></div><div><small>Quagsire restored a little HP using its Leftovers!</small></div><h2>Turn 199</h2><div class="chat message-error">You have 150 seconds to make your decision.</div><div class="spacer"></div><div>Quagsire used <strong>Scald</strong>!</div><div><small>The opposing Sableye lost 19% of its health!</small><br></div><div class="spacer"></div><div>The opposing Sableye used <strong>Shadow Ball</strong>!</div><div><small>Quagsire lost <abbr title="−124/394">31.5%</abbr> of its health!</small><br></div><div class="spacer"></div><div><small>Quagsire restored a little HP using its Leftovers!</small></div><h2>Turn 200</h2><div class="chat message-error">You have 150 seconds to make your decision.</div><div class="spacer"></div><div>Quagsire used <strong>Recover</strong>!</div><div><small>Quagsire restored its HP.</small></div><div class="spacer"></div><div>The opposing Sableye used <strong>Will-O-Wisp</strong>!</div><div><small>Quagsire was burned!</small></div><div class="spacer"></div><div><small>Quagsire was hurt by its burn!</small></div><h2>Turn 201</h2><div class="chat message-error">You have 150 seconds to make your decision.</div><div class="spacer"></div><div>Quagsire used <strong>Scald</strong>!</div><div><small>The opposing Sableye lost 20% of its health!</small><br></div><div class="spacer"></div><div>The opposing Sableye used <strong>Recover</strong>!</div><div><small>The opposing Sableye restored its HP.</small></div><div class="spacer"></div><div><small>Quagsire restored a little HP using its Leftovers!</small></div><div><small>Quagsire was hurt by its burn!</small></div><h2>Turn 202</h2><div class="chat message-error">You have 150 seconds to make your decision.</div><div class="spacer"></div><div>Quagsire used <strong>Scald</strong>!</div><div><small>The opposing Sableye lost 17% of its health!</small><br></div><div><small>The opposing Sableye was burned!</small></div><div class="spacer"></div><div>The opposing Sableye used <strong>Shadow Ball</strong>!</div><div><small>Quagsire lost <abbr title="−126/394">32.0%</abbr> of its health!</small><br></div><div class="spacer"></div><div><small>Quagsire restored a little HP using its Leftovers!</small></div><div><small>Quagsire was hurt by its burn!</small></div><div><small>The opposing Sableye was hurt by its burn!</small></div><h2>Turn 203</h2><div class="chat message-error">You have 150 seconds to make your decision.</div><div class="spacer"></div><div>Quagsire used <strong>Recover</strong>!</div><div><small>Quagsire restored its HP.</small></div><div class="spacer"></div><div>The opposing Sableye used <strong>Shadow Ball</strong>!</div><div><small>Quagsire lost <abbr title="−121/394">30.7%</abbr> of its health!</small><br></div><div class="spacer"></div><div><small>Quagsire restored a little HP using its Leftovers!</small></div><div><small>Quagsire was hurt by its burn!</small></div><div><small>The opposing Sableye was hurt by its burn!</small></div><h2>Turn 204</h2><div class="chat message-error">You have 150 seconds to make your decision.</div><div class="spacer"></div><div>Quagsire, come back!</div><div class="spacer"></div><div>Go! Chansey!</div><div class="spacer"></div><div>Zepereira withdrew Sableye <small>(Sableye-Mega)</small>!</div><div class="spacer"></div><div>Zepereira sent out Vaporeon!</div><h2>Turn 205</h2><div class="chat message-error">You have 150 seconds to make your decision.</div><div class="spacer"></div><div>The opposing Vaporeon used <strong>Scald</strong>!</div><div><small>Chansey lost <abbr title="−102/703">14.5%</abbr> of its health!</small><br></div><div><small>Chansey was burned!</small></div><div class="spacer"></div><div>Chansey used <strong>Stealth Rock</strong>!</div><div><small>Pointed stones float in the air around the opposing team!</small></div><div class="spacer"></div><div><small>Chansey was hurt by its burn!</small></div><h2>Turn 206</h2><div class="chat message-error">You have 150 seconds to make your decision.</div><div class="spacer"></div><div>The opposing Vaporeon used <strong>Heal Bell</strong>!</div><div><small>A bell chimed!</small></div><div class="spacer"></div><div>Chansey used <strong>Heal Bell</strong>!</div><div><small>A bell chimed!</small></div><h2>Turn 207</h2><div class="chat message-error">You have 150 seconds to make your decision.</div><div class="spacer"></div><div>Zepereira withdrew Vaporeon!</div><div class="spacer"></div><div>Zepereira sent out Mew!</div><div><small>Pointed stones dug into the opposing Mew!</small></div><div class="spacer"></div><div>Chansey used <strong>Soft-Boiled</strong>!</div><div><small>Chansey restored its HP.</small></div><h2>Turn 208</h2><div class="chat message-error">You have 150 seconds to make your decision.</div><div class="spacer"></div><div>Chansey, come back!</div><div class="spacer"></div><div>Go! Suicune!</div><div><small>[Suicune's Pressure!]</small></div><div><small>Suicune is exerting its pressure!</small></div><div class="spacer"></div><div>The opposing Mew used <strong>Defog</strong>!</div><div><small>Suicune's evasiveness fell! </small></div><div><small>The pointed stones disappeared from around the opposing team!</small></div><h2>Turn 209</h2><div class="chat message-error">You have 150 seconds to make your decision.</div><div class="spacer"></div><div>Suicune, come back!</div><div class="spacer"></div><div>Go! Sableye <small>(Sableye-Mega)</small>!</div><div class="spacer"></div><div>The opposing Mew used <strong>Knock Off</strong>!</div><div><small>Sableye lost <abbr title="−38/303">12.5%</abbr> of its health!</small><br></div><h2>Turn 210</h2><div class="chat message-error">You have 150 seconds to make your decision.</div><div class="spacer"></div><div>Sableye used <strong>Fake Out</strong>!</div><div><small>The opposing Mew lost 5% of its health!</small><br></div><div class="spacer"></div><div>The opposing Mew flinched and couldn't move!</div><h2>Turn 211</h2><div class="chat message-error">You have 150 seconds to make your decision.</div><div class="spacer"></div><div>Sableye, come back!</div><div class="spacer"></div><div>Go! Suicune!</div><div><small>[Suicune's Pressure!]</small></div><div><small>Suicune is exerting its pressure!</small></div><div class="spacer"></div><div>The opposing Mew used <strong>Soft-Boiled</strong>!</div><div><small>The opposing Mew restored its HP.</small></div><h2>Turn 212</h2><div class="chat message-error">You have 150 seconds to make your decision.</div><div class="spacer"></div><div>Suicune, come back!</div><div class="spacer"></div><div>Go! Chansey!</div><div class="spacer"></div><div>The opposing Mew used <strong>Knock Off</strong>!</div><div><small>Chansey lost <abbr title="−107/703">15.2%</abbr> of its health!</small><br></div><h2>Turn 213</h2><div class="chat message-error">You have 150 seconds to make your decision.</div><div class="spacer"></div><div>Zepereira withdrew Mew!</div><div class="spacer"></div><div>Zepereira sent out Sableye <small>(Sableye-Mega)</small>!</div><div class="spacer"></div><div>Chansey, come back!</div><div class="spacer"></div><div>Go! Azumarill!</div><h2>Turn 214</h2><div class="chat message-error">You have 150 seconds to make your decision.</div><div class="spacer"></div><div>Azumarill used <strong>Aqua Jet</strong>!</div><div><small>The opposing Sableye lost 6% of its health!</small><br></div><div class="spacer"></div><div>The opposing Sableye used <strong>Recover</strong>!</div><div><small>The opposing Sableye restored its HP.</small></div><h2>Turn 215</h2><div class="chat message-error">You have 150 seconds to make your decision.</div><div class="spacer"></div><div>Azumarill, come back!</div><div class="spacer"></div><div>Go! Sableye <small>(Sableye-Mega)</small>!</div><div class="spacer"></div><div>The opposing Sableye used <strong>Calm Mind</strong>!</div><div><small>The opposing Sableye's Special Attack rose! The opposing Sableye's Special Defense rose! </small></div><h2>Turn 216</h2><div class="chat message-error">You have 150 seconds to make your decision.</div><div class="spacer"></div><div>Sableye, come back!</div><div class="spacer"></div><div>Go! Suicune!</div><div><small>[Suicune's Pressure!]</small></div><div><small>Suicune is exerting its pressure!</small></div><div class="spacer"></div><div>The opposing Sableye used <strong>Will-O-Wisp</strong>!</div><div><small>Suicune was burned!</small></div><div class="spacer"></div><div><small>Suicune was hurt by its burn!</small></div><h2>Turn 217</h2><div class="chat message-error">You have 150 seconds to make your decision.</div><div class="spacer"></div><div>Zepereira withdrew Sableye <small>(Sableye-Mega)</small>!</div><div class="spacer"></div><div>Zepereira sent out Vaporeon!</div><div class="spacer"></div><div>Suicune used <strong>Calm Mind</strong>!</div><div><small>Suicune's Special Attack rose! Suicune's Special Defense rose! </small></div><div class="spacer"></div><div><small>Suicune restored a little HP using its Leftovers!</small></div><div><small>Suicune was hurt by its burn!</small></div><h2>Turn 218</h2><div class="chat message-error">You have 150 seconds to make your decision.</div><div class="spacer"></div><div>Suicune, come back!</div><div class="spacer"></div><div>Go! Azumarill!</div><div class="spacer"></div><div>Zepereira withdrew Vaporeon!</div><div class="spacer"></div><div>Zepereira sent out Shedinja!</div><h2>Turn 219</h2><div class="chat message-error">You have 150 seconds to make your decision.</div><div class="spacer"></div><div>Azumarill, come back!</div><div class="spacer"></div><div>Go! Sableye <small>(Sableye-Mega)</small>!</div><div class="spacer"></div><div>The opposing Shedinja used <strong>Baton Pass</strong>!</div><div class="spacer"></div><div>Zepereira sent out Talonflame!</div><div class="spacer"></div><div><small>The opposing Talonflame restored a little HP using its Leftovers!</small></div><h2>Turn 220</h2><div class="chat message-error">You have 150 seconds to make your decision.</div><div class="spacer"></div><div>Zepereira withdrew Talonflame!</div><div class="spacer"></div><div>Zepereira sent out Sableye <small>(Sableye-Mega)</small>!</div><div class="spacer"></div><div>Sableye used <strong>Knock Off</strong>!</div><div><small>The opposing Sableye lost 15% of its health!</small><br></div><h2>Turn 221</h2><div class="chat message-error">You have 150 seconds to make your decision.</div><div class="spacer"></div><div>Zepereira withdrew Sableye <small>(Sableye-Mega)</small>!</div><div class="spacer"></div><div>Zepereira sent out Vaporeon!</div><div class="spacer"></div><div>Sableye, come back!</div><div class="spacer"></div><div>Go! Quagsire!</div><div class="spacer"></div><div><small>Quagsire restored a little HP using its Leftovers!</small></div><h2>Turn 222</h2><div class="chat message-error">You have 150 seconds to make your decision.</div><div class="spacer"></div><div>Zepereira withdrew Vaporeon!</div><div class="spacer"></div><div>Zepereira sent out Sableye <small>(Sableye-Mega)</small>!</div><div class="spacer"></div><div>Quagsire, come back!</div><div class="spacer"></div><div>Go! Azumarill!</div><h2>Turn 223</h2><div class="chat message-error">You have 150 seconds to make your decision.</div><div class="spacer"></div><div>Azumarill, come back!</div><div class="spacer"></div><div>Go! Suicune!</div><div><small>[Suicune's Pressure!]</small></div><div><small>Suicune is exerting its pressure!</small></div><div class="spacer"></div><div>The opposing Sableye used <strong>Shadow Ball</strong>!</div><div><small>Suicune lost <abbr title="−75/404">18.6%</abbr> of its health!</small><br></div><div class="spacer"></div><div><small>Suicune restored a little HP using its Leftovers!</small></div><div><small>Suicune was hurt by its burn!</small></div><h2>Turn 224</h2><div class="chat message-error">You have 150 seconds to make your decision.</div><div class="spacer"></div><div>Zepereira withdrew Sableye <small>(Sableye-Mega)</small>!</div><div class="spacer"></div><div>Zepereira sent out Mew!</div><div class="spacer"></div><div>Suicune used <strong>Rest</strong>!</div><div><small>Suicune fell asleep!</small></div><div><small>Suicune slept and became healthy!</small></div><h2>Turn 225</h2><div class="chat message-error">You have 150 seconds to make your decision.</div><div class="spacer"></div><div>Suicune, come back!</div><div class="spacer"></div><div>Go! Chansey!</div><div class="spacer"></div><div>The opposing Mew used <strong>Knock Off</strong>!</div><div><small>Chansey lost <abbr title="−93/703">13.2%</abbr> of its health!</small><br></div><h2>Turn 226</h2><div class="chat message-error">You have 150 seconds to make your decision.</div><div class="spacer"></div><div>Chansey, come back!</div><div class="spacer"></div><div>Go! Suicune!</div><div><small>[Suicune's Pressure!]</small></div><div><small>Suicune is exerting its pressure!</small></div><div class="spacer"></div><div>The opposing Mew used <strong>Will-O-Wisp</strong>!</div><div><small>But it failed!</small></div><h2>Turn 227</h2><div class="chat message-error">You have 150 seconds to make your decision.</div><div class="spacer"></div><div>Suicune, come back!</div><div class="spacer"></div><div>Go! Sableye <small>(Sableye-Mega)</small>!</div><div class="spacer"></div><div>The opposing Mew used <strong>Knock Off</strong>!</div><div><small>Sableye lost <abbr title="−38/303">12.5%</abbr> of its health!</small><br></div><h2>Turn 228</h2><div class="chat message-error">You have 150 seconds to make your decision.</div><div class="spacer"></div><div>The opposing Mew used <strong>Knock Off</strong>!</div><div><small>A critical hit! </small><small>Sableye lost <abbr title="−51/303">16.8%</abbr> of its health!</small><br></div><div class="spacer"></div><div>Sableye used <strong>Recover</strong>!</div><div><small>Sableye restored its HP.</small></div><h2>Turn 229</h2><div class="chat message-error">You have 150 seconds to make your decision.</div><div class="spacer"></div><div>Sableye, come back!</div><div class="spacer"></div><div>Go! Chansey!</div><div class="spacer"></div><div>The opposing Mew used <strong>Knock Off</strong>!</div><div><small>Chansey lost <abbr title="−96/703">13.7%</abbr> of its health!</small><br></div><h2>Turn 230</h2><div class="chat message-error">You have 150 seconds to make your decision.</div><div class="spacer"></div><div>Chansey, come back!</div><div class="spacer"></div><div>Go! Suicune!</div><div><small>[Suicune's Pressure!]</small></div><div><small>Suicune is exerting its pressure!</small></div><div class="spacer"></div><div>The opposing Mew used <strong>Knock Off</strong>!</div><div><small>Suicune lost <abbr title="−50/404">12.4%</abbr> of its health!</small><br></div><div><small>The opposing Mew knocked off Suicune's Leftovers!</small></div><h2>Turn 231</h2><div class="chat message-error">You have 150 seconds to make your decision.</div><div class="spacer"></div><div>Zepereira withdrew Mew!</div><div class="spacer"></div><div>Zepereira sent out Shedinja!</div><div class="spacer"></div><div>Suicune is fast asleep.</div><h2>Turn 232</h2><div class="chat message-error">You have 150 seconds to make your decision.</div><div class="spacer"></div><div>Suicune is fast asleep.</div><div class="spacer"></div><div>The opposing Shedinja used <strong>X-Scissor</strong>!</div><div><small>Suicune lost <abbr title="−75/404">18.6%</abbr> of its health!</small><br></div><h2>Turn 233</h2><div class="chat message-error">You have 150 seconds to make your decision.</div><div class="spacer"></div><div>Suicune, come back!</div><div class="spacer"></div><div>Go! Azumarill!</div><div class="spacer"></div><div>The opposing Shedinja used <strong>X-Scissor</strong>!</div><div><small>It's not very effective... </small><small>Azumarill lost <abbr title="−48/404">11.9%</abbr> of its health!</small><br></div><h2>Turn 234</h2><div class="chat message-error">You have 150 seconds to make your decision.</div><div class="spacer"></div><div>Azumarill, come back!</div><div class="spacer"></div><div>Go! Chansey!</div><div class="spacer"></div><div>The opposing Shedinja used <strong>Baton Pass</strong>!</div><div class="spacer"></div><div>Zepereira sent out Mew!</div><h2>Turn 235</h2><div class="chat message-error">You have 150 seconds to make your decision.</div><div class="spacer"></div><div>Zepereira withdrew Mew!</div><div class="spacer"></div><div>Zepereira sent out Sableye <small>(Sableye-Mega)</small>!</div><div class="spacer"></div><div>Chansey, come back!</div><div class="spacer"></div><div>Go! Suicune!</div><div><small>[Suicune's Pressure!]</small></div><div><small>Suicune is exerting its pressure!</small></div><h2>Turn 236</h2><div class="chat message-error">You have 150 seconds to make your decision.</div><div class="spacer"></div><div>Zepereira withdrew Sableye <small>(Sableye-Mega)</small>!</div><div class="spacer"></div><div>Zepereira sent out Shedinja!</div><div><small>Suicune woke up!</small></div><div class="spacer"></div><div>Suicune used <strong>Roar</strong>!</div><div class="spacer"></div><div>Mew was dragged out!</div><h2>Turn 237</h2><div class="chat message-error">You have 150 seconds to make your decision.</div><div class="spacer"></div><div>Zepereira withdrew Mew!</div><div class="spacer"></div><div>Zepereira sent out Shedinja!</div><div class="spacer"></div><div>Suicune, come back!</div><div class="spacer"></div><div>Go! Sableye <small>(Sableye-Mega)</small>!</div><h2>Turn 238</h2><div class="chat message-error">You have 150 seconds to make your decision.</div><div class="spacer"></div><div>Sableye, come back!</div><div class="spacer"></div><div>Go! Azumarill!</div><div class="spacer"></div><div>The opposing Shedinja used <strong>Baton Pass</strong>!</div><div class="spacer"></div><div>Zepereira sent out Sableye <small>(Sableye-Mega)</small>!</div><h2>Turn 239</h2><div class="chat message-error">You have 150 seconds to make your decision.</div><div class="spacer"></div><div>Azumarill, come back!</div><div class="spacer"></div><div>Go! Sableye <small>(Sableye-Mega)</small>!</div><div class="spacer"></div><div>The opposing Sableye used <strong>Calm Mind</strong>!</div><div><small>The opposing Sableye's Special Attack rose! The opposing Sableye's Special Defense rose! </small></div><h2>Turn 240</h2><div class="chat message-error">You have 150 seconds to make your decision.</div><div class="spacer"></div><div>Sableye, come back!</div><div class="spacer"></div><div>Go! Suicune!</div><div><small>[Suicune's Pressure!]</small></div><div><small>Suicune is exerting its pressure!</small></div><div class="spacer"></div><div>The opposing Sableye used <strong>Calm Mind</strong>!</div><div><small>The opposing Sableye's Special Attack rose! The opposing Sableye's Special Defense rose! </small></div><h2>Turn 241</h2><div class="chat message-error">You have 150 seconds to make your decision.</div><div class="spacer"></div><div>Suicune used <strong>Calm Mind</strong>!</div><div><small>Suicune's Special Attack rose! Suicune's Special Defense rose! </small></div><div class="spacer"></div><div>The opposing Sableye used <strong>Shadow Ball</strong>!</div><div><small>Suicune lost <abbr title="−93/404">23.0%</abbr> of its health!</small><br></div><div><small>Suicune's Special Defense fell! </small></div><h2>Turn 242</h2><div class="chat message-error">You have 150 seconds to make your decision.</div><div class="spacer"></div><div>Suicune used <strong>Calm Mind</strong>!</div><div><small>Suicune's Special Attack rose! Suicune's Special Defense rose! </small></div><div class="spacer"></div><div>The opposing Sableye used <strong>Calm Mind</strong>!</div><div><small>The opposing Sableye's Special Attack rose! The opposing Sableye's Special Defense rose! </small></div><h2>Turn 243</h2><div class="chat message-error">You have 150 seconds to make your decision.</div><div class="spacer"></div><div>Suicune used <strong>Calm Mind</strong>!</div><div><small>Suicune's Special Attack rose! Suicune's Special Defense rose! </small></div><div class="spacer"></div><div>The opposing Sableye used <strong>Calm Mind</strong>!</div><div><small>The opposing Sableye's Special Attack rose! The opposing Sableye's Special Defense rose! </small></div><h2>Turn 244</h2><div class="chat message-error">You have 150 seconds to make your decision.</div><div class="spacer"></div><div>Suicune used <strong>Rest</strong>!</div><div><small>Suicune fell asleep!</small></div><div><small>Suicune slept and became healthy!</small></div><div class="spacer"></div><div>The opposing Sableye used <strong>Shadow Ball</strong>!</div><div><small>A critical hit! </small><small>Suicune lost <abbr title="−309/404">76.5%</abbr> of its health!</small><br></div><div><small>Suicune's Special Defense fell! </small></div><h2>Turn 245</h2><div class="chat message-error">You have 150 seconds to make your decision.</div><div class="spacer"></div><div>Suicune, come back!</div><div class="spacer"></div><div>Go! Chansey!</div><div class="spacer"></div><div>The opposing Sableye used <strong>Will-O-Wisp</strong>!</div><div><small>Chansey was burned!</small></div><div class="spacer"></div><div><small>Chansey was hurt by its burn!</small></div><h2>Turn 246</h2><div class="chat message-error">You have 150 seconds to make your decision.</div><div class="spacer"></div><div>Chansey used <strong>Soft-Boiled</strong>!</div><div><small>Chansey restored its HP.</small></div><div class="spacer"></div><div>The opposing Sableye used <strong>Recover</strong>!</div><div><small>The opposing Sableye restored its HP.</small></div><div class="spacer"></div><div><small>Chansey was hurt by its burn!</small></div><h2>Turn 247</h2><div class="chat message-error">You have 150 seconds to make your decision.</div><div class="spacer"></div><div><small>(Chansey's Natural Cure activated!)</small></div><div class="spacer"></div><div>Chansey, come back!</div><div class="spacer"></div><div>Go! Quagsire!</div><div class="spacer"></div><div>The opposing Sableye used <strong>Will-O-Wisp</strong>!</div><div><small>Quagsire was burned!</small></div><div class="spacer"></div><div><small>Quagsire restored a little HP using its Leftovers!</small></div><div><small>Quagsire was hurt by its burn!</small></div><h2>Turn 248</h2><div class="chat message-error">You have 150 seconds to make your decision.</div><div class="spacer"></div><div>Quagsire used <strong>Recover</strong>!</div><div><small>Quagsire restored its HP.</small></div><div class="spacer"></div><div>The opposing Sableye used <strong>Shadow Ball</strong>!</div><div><small>Quagsire lost <abbr title="−109/394">27.7%</abbr> of its health!</small><br></div><div class="spacer"></div><div><small>Quagsire restored a little HP using its Leftovers!</small></div><div><small>Quagsire was hurt by its burn!</small></div><h2>Turn 249</h2><div class="chat message-error">You have 150 seconds to make your decision.</div><div class="spacer"></div><div>Quagsire, come back!</div><div class="spacer"></div><div>Go! Chansey!</div><div class="spacer"></div><div>The opposing Sableye used <strong>Shadow Ball</strong>!</div><div><small>It doesn't affect Chansey... </small></div><h2>Turn 250</h2><div class="chat message-error">You have 150 seconds to make your decision.</div><div class="spacer"></div><div>Chansey used <strong>Seismic Toss</strong>!</div><div><small>It doesn't affect the opposing Sableye... </small></div><div class="spacer"></div><div>The opposing Sableye used <strong>Shadow Ball</strong>!</div><div><small>It doesn't affect Chansey... </small></div><h2>Turn 251</h2><div class="chat message-error">You have 150 seconds to make your decision.</div><div class="spacer"></div><div>Chansey, come back!</div><div class="spacer"></div><div>Go! Sableye <small>(Sableye-Mega)</small>!</div><div class="spacer"></div><div>The opposing Sableye used <strong>Shadow Ball</strong>!</div><div><small>Sableye lost <abbr title="−181/303">59.7%</abbr> of its health!</small><br></div><div><small>Sableye's Special Defense fell! </small></div><h2>Turn 252</h2><div class="chat message-error">You have 150 seconds to make your decision.</div><div class="spacer"></div><div>Zepereira withdrew Sableye <small>(Sableye-Mega)</small>!</div><div class="spacer"></div><div>Zepereira sent out Mew!</div><div class="spacer"></div><div>Sableye, come back!</div><div class="spacer"></div><div>Go! Skarmory!</div><h2>Turn 253</h2><div class="chat message-error">You have 150 seconds to make your decision.</div><div class="spacer"></div><div>Skarmory, come back!</div><div class="spacer"></div><div>Go! Chansey!</div><div class="spacer"></div><div>The opposing Mew used <strong>Will-O-Wisp</strong>!</div><div><small>Chansey was burned!</small></div><div class="spacer"></div><div><small>Chansey was hurt by its burn!</small></div><h2>Turn 254</h2><div class="chat message-error">You have 150 seconds to make your decision.</div><div class="spacer"></div><div>The opposing Mew used <strong>Knock Off</strong>!</div><div><small>Chansey lost <abbr title="−99/703">14.1%</abbr> of its health!</small><br></div><div class="spacer"></div><div>Chansey used <strong>Heal Bell</strong>!</div><div><small>A bell chimed!</small></div><h2>Turn 255</h2><div class="chat message-error">You have 150 seconds to make your decision.</div><div class="spacer"></div><div>Chansey, come back!</div><div class="spacer"></div><div>Go! Skarmory!</div><div class="spacer"></div><div>The opposing Mew used <strong>Will-O-Wisp</strong>!</div><div><small>Skarmory was burned!</small></div><div class="spacer"></div><div><small>Skarmory was hurt by its burn!</small></div><h2>Turn 256</h2><div class="chat message-error">You have 150 seconds to make your decision.</div><div class="spacer"></div><div>Zepereira withdrew Mew!</div><div class="spacer"></div><div>Zepereira sent out Sableye <small>(Sableye-Mega)</small>!</div><div class="spacer"></div><div>Skarmory, come back!</div><div class="spacer"></div><div>Go! Suicune!</div><div><small>[Suicune's Pressure!]</small></div><div><small>Suicune is exerting its pressure!</small></div><h2>Turn 257</h2><div class="chat message-error">You have 150 seconds to make your decision.</div><div class="spacer"></div><div>Suicune used <strong>Rest</strong>!</div><div><small>Suicune fell asleep!</small></div><div><small>Suicune slept and became healthy!</small></div><div class="spacer"></div><div>The opposing Sableye used <strong>Calm Mind</strong>!</div><div><small>The opposing Sableye's Special Attack rose! The opposing Sableye's Special Defense rose! </small></div><h2>Turn 258</h2><div class="chat message-error">You have 150 seconds to make your decision.</div><div class="spacer"></div><div>Suicune, come back!</div><div class="spacer"></div><div>Go! Quagsire!</div><div class="spacer"></div><div>Zepereira withdrew Sableye <small>(Sableye-Mega)</small>!</div><div class="spacer"></div><div>Zepereira sent out Talonflame!</div><div class="spacer"></div><div><small>The opposing Talonflame restored a little HP using its Leftovers!</small></div><div><small>Quagsire restored a little HP using its Leftovers!</small></div><h2>Turn 259</h2><div class="chat message-error">You have 150 seconds to make your decision.</div><div class="spacer"></div><div>Zepereira withdrew Talonflame!</div><div class="spacer"></div><div>Zepereira sent out Sableye <small>(Sableye-Mega)</small>!</div><div class="spacer"></div><div>Quagsire used <strong>Scald</strong>!</div><div><small>The opposing Sableye lost 20% of its health!</small><br></div><div><small>The opposing Sableye was burned!</small></div><div class="spacer"></div><div><small>Quagsire restored a little HP using its Leftovers!</small></div><div><small>The opposing Sableye was hurt by its burn!</small></div><h2>Turn 260</h2><div class="chat message-error">You have 150 seconds to make your decision.</div><div class="spacer"></div><div>Quagsire, come back!</div><div class="spacer"></div><div>Go! Sableye <small>(Sableye-Mega)</small>!</div><div class="spacer"></div><div>Zepereira withdrew Sableye <small>(Sableye-Mega)</small>!</div><div class="spacer"></div><div>Zepereira sent out Mew!</div><h2>Turn 261</h2><div class="chat message-error">You have 150 seconds to make your decision.</div><div class="spacer"></div><div>The opposing Mew used <strong>Will-O-Wisp</strong>!</div><div><small>[Sableye's Magic Bounce!]</small></div><div>Sableye bounced the Will-O-Wisp back!</div><div><small>The opposing Mew was burned!</small></div><div><small>[Opposing Mew's Synchronize!]</small></div><div><small>Sableye was burned!</small></div><div class="spacer"></div><div>Sableye used <strong>Recover</strong>!</div><div><small>Sableye restored its HP.</small></div><div class="spacer"></div><div><small>The opposing Mew was hurt by its burn!</small></div><div><small>Sableye was hurt by its burn!</small></div><h2>Turn 262</h2><div class="chat message-error">You have 150 seconds to make your decision.</div><div class="spacer"></div><div>Zepereira withdrew Mew!</div><div class="spacer"></div><div>Zepereira sent out Vaporeon!</div><div class="spacer"></div><div>Sableye, come back!</div><div class="spacer"></div><div>Go! Suicune!</div><div><small>[Suicune's Pressure!]</small></div><div><small>Suicune is exerting its pressure!</small></div><h2>Turn 263</h2><div class="chat message-error">You have 150 seconds to make your decision.</div><div class="spacer"></div><div>Suicune is fast asleep.</div><div class="spacer"></div><div>The opposing Vaporeon used <strong>Heal Bell</strong>!</div><div><small>A bell chimed!</small></div><h2>Turn 264</h2><div class="chat message-error">You have 150 seconds to make your decision.</div><div class="spacer"></div><div>Suicune is fast asleep.</div><div class="spacer"></div><div>The opposing Vaporeon used <strong>Wish</strong>!</div><h2>Turn 265</h2><div class="chat message-error">You have 150 seconds to make your decision.</div><div class="spacer"></div><div>Zepereira withdrew Vaporeon!</div><div class="spacer"></div><div>Zepereira sent out Shedinja!</div><div><small>Suicune woke up!</small></div><div class="spacer"></div><div>Suicune used <strong>Scald</strong>!</div><div><small>[Opposing Shedinja's Wonder Guard!]</small></div><div><small>The opposing Shedinja's Wonder Guard evades the attack!</small></div><h2>Turn 266</h2><div class="chat message-error">You have 150 seconds to make your decision.</div><div class="spacer"></div><div>Suicune, come back!</div><div class="spacer"></div><div>Go! Azumarill!</div><div class="spacer"></div><div>The opposing Shedinja used <strong>Baton Pass</strong>!</div><div class="spacer"></div><div>Zepereira sent out Sableye <small>(Sableye-Mega)</small>!</div><h2>Turn 267</h2><div class="chat message-error">You have 150 seconds to make your decision.</div><div class="spacer"></div><div>Azumarill, come back!</div><div class="spacer"></div><div>Go! Suicune!</div><div><small>[Suicune's Pressure!]</small></div><div><small>Suicune is exerting its pressure!</small></div><div class="spacer"></div><div>The opposing Sableye used <strong>Recover</strong>!</div><div><small>The opposing Sableye restored its HP.</small></div><h2>Turn 268</h2><div class="chat message-error">You have 150 seconds to make your decision.</div><div class="spacer"></div><div>Zepereira withdrew Sableye <small>(Sableye-Mega)</small>!</div><div class="spacer"></div><div>Zepereira sent out Shedinja!</div><div class="spacer"></div><div>Suicune used <strong>Roar</strong>!</div><div class="spacer"></div><div>Vaporeon was dragged out!</div><h2>Turn 269</h2><div class="chat message-error">You have 150 seconds to make your decision.</div><div class="spacer"></div><div>Suicune, come back!</div><div class="spacer"></div><div>Go! Azumarill!</div><div class="spacer"></div><div>The opposing Vaporeon used <strong>Scald</strong>!</div><div><small>It's not very effective... </small><small>Azumarill lost <abbr title="−61/404">15.1%</abbr> of its health!</small><br></div><div><small>Azumarill was burned!</small></div><div class="spacer"></div><div><small>Azumarill was hurt by its burn!</small></div><h2>Turn 270</h2><div class="chat message-error">You have 150 seconds to make your decision.</div><div class="spacer"></div><div>Zepereira withdrew Vaporeon!</div><div class="spacer"></div><div>Zepereira sent out Talonflame!</div><div class="spacer"></div><div>Azumarill used <strong>Rest</strong>!</div><div><small>Azumarill fell asleep!</small></div><div><small>Azumarill slept and became healthy!</small></div><div class="spacer"></div><div><small>The opposing Talonflame restored a little HP using its Leftovers!</small></div><h2>Turn 271</h2><div class="chat message-error">You have 150 seconds to make your decision.</div><div class="spacer"></div><div>Azumarill, come back!</div><div class="spacer"></div><div>Go! Quagsire!</div><div class="spacer"></div><div>The opposing Talonflame used <strong>Bulk Up</strong>!</div><div><small>The opposing Talonflame's Attack rose! The opposing Talonflame's Defense rose! </small></div><div class="spacer"></div><div><small>The opposing Talonflame restored a little HP using its Leftovers!</small></div><div><small>Quagsire restored a little HP using its Leftovers!</small></div><h2>Turn 272</h2><div class="chat message-error">You have 150 seconds to make your decision.</div><div class="spacer"></div><div>The opposing Talonflame used <strong>Will-O-Wisp</strong>!</div><div><small>Quagsire was burned!</small></div><div class="spacer"></div><div>Quagsire used <strong>Scald</strong>!</div><div><small>It's super effective! </small><small>The opposing Talonflame lost 32% of its health!</small><br></div><div class="spacer"></div><div><small>The opposing Talonflame restored a little HP using its Leftovers!</small></div><div><small>Quagsire restored a little HP using its Leftovers!</small></div><div><small>Quagsire was hurt by its burn!</small></div><h2>Turn 273</h2><div class="chat message-error">You have 150 seconds to make your decision.</div><div class="spacer"></div><div>Zepereira withdrew Talonflame!</div><div class="spacer"></div><div>Zepereira sent out Vaporeon!</div><div class="spacer"></div><div>Quagsire used <strong>Toxic</strong>!</div><div><small>The opposing Vaporeon was badly poisoned!</small></div><div class="spacer"></div><div><small>Quagsire restored a little HP using its Leftovers!</small></div><div><small>The opposing Vaporeon was hurt by poison!</small></div><div><small>Quagsire was hurt by its burn!</small></div><h2>Turn 274</h2><div class="chat message-error">You have 150 seconds to make your decision.</div><div class="spacer"></div><div>Zepereira withdrew Vaporeon!</div><div class="spacer"></div><div>Zepereira sent out Talonflame!</div><div class="spacer"></div><div>Quagsire, come back!</div><div class="spacer"></div><div>Go! Azumarill!</div><div class="spacer"></div><div><small>The opposing Talonflame restored a little HP using its Leftovers!</small></div><h2>Turn 275</h2><div class="chat message-error">You have 150 seconds to make your decision.</div><div class="spacer"></div><div>Azumarill, come back!</div><div class="spacer"></div><div>Go! Quagsire!</div><div class="spacer"></div><div>The opposing Talonflame used <strong>Brave Bird</strong>!</div><div><small>Quagsire lost <abbr title="−97/394">24.6%</abbr> of its health!</small><br></div><div><small>The opposing Talonflame is damaged by the recoil!</small></div><div class="spacer"></div><div><small>The opposing Talonflame restored a little HP using its Leftovers!</small></div><div><small>Quagsire restored a little HP using its Leftovers!</small></div><div><small>Quagsire was hurt by its burn!</small></div><h2>Turn 276</h2><div class="chat message-error">You have 150 seconds to make your decision.</div><div class="spacer"></div><div>The opposing Talonflame used <strong>Brave Bird</strong>!</div><div><small>Quagsire lost <abbr title="−97/394">24.6%</abbr> of its health!</small><br></div><div><small>The opposing Talonflame is damaged by the recoil!</small></div><div class="spacer"></div><div>Quagsire used <strong>Recover</strong>!</div><div><small>Quagsire restored its HP.</small></div><div class="spacer"></div><div><small>The opposing Talonflame restored a little HP using its Leftovers!</small></div><div><small>Quagsire restored a little HP using its Leftovers!</small></div><div><small>Quagsire was hurt by its burn!</small></div><h2>Turn 277</h2><div class="chat message-error">You have 150 seconds to make your decision.</div><div class="spacer"></div><div>Zepereira withdrew Talonflame!</div><div class="spacer"></div><div>Zepereira sent out Vaporeon!</div><div class="spacer"></div><div>Quagsire used <strong>Recover</strong>!</div><div><small>Quagsire restored its HP.</small></div><div class="spacer"></div><div><small>The opposing Vaporeon was hurt by poison!</small></div><div><small>Quagsire was hurt by its burn!</small></div><h2>Turn 278</h2><div class="chat message-error">You have 150 seconds to make your decision.</div><div class="spacer"></div><div>Zepereira withdrew Vaporeon!</div><div class="spacer"></div><div>Zepereira sent out Talonflame!</div><div class="spacer"></div><div>Quagsire, come back!</div><div class="spacer"></div><div>Go! Azumarill!</div><div class="spacer"></div><div><small>The opposing Talonflame restored a little HP using its Leftovers!</small></div><h2>Turn 279</h2><div class="chat message-error">You have 150 seconds to make your decision.</div><div class="spacer"></div><div>Azumarill, come back!</div><div class="spacer"></div><div>Go! Suicune!</div><div><small>[Suicune's Pressure!]</small></div><div><small>Suicune is exerting its pressure!</small></div><div class="spacer"></div><div>The opposing Talonflame used <strong>Bulk Up</strong>!</div><div><small>The opposing Talonflame's Attack rose! The opposing Talonflame's Defense rose! </small></div><div class="spacer"></div><div><small>The opposing Talonflame restored a little HP using its Leftovers!</small></div><h2>Turn 280</h2><div class="chat message-error">You have 150 seconds to make your decision.</div><div class="spacer"></div><div>The opposing Talonflame used <strong>Brave Bird</strong>!</div><div><small>Suicune lost <abbr title="−115/404">28.5%</abbr> of its health!</small><br></div><div><small>The opposing Talonflame is damaged by the recoil!</small></div><div class="spacer"></div><div>Suicune used <strong>Roar</strong>!</div><div class="spacer"></div><div>Vaporeon was dragged out!</div><div class="spacer"></div><div><small>The opposing Vaporeon was hurt by poison!</small></div><h2>Turn 281</h2><div class="chat message-error">You have 150 seconds to make your decision.</div><div class="spacer"></div><div>Suicune, come back!</div><div class="spacer"></div><div>Go! Chansey!</div><div class="spacer"></div><div>The opposing Vaporeon used <strong>Wish</strong>!</div><div class="spacer"></div><div><small>The opposing Vaporeon was hurt by poison!</small></div><h2>Turn 282</h2><div class="chat message-error">You have 150 seconds to make your decision.</div><div class="spacer"></div><div>The opposing Vaporeon used <strong>Scald</strong>!</div><div><small>Chansey lost <abbr title="−94/703">13.4%</abbr> of its health!</small><br></div><div class="spacer"></div><div>Chansey used <strong>Soft-Boiled</strong>!</div><div><small>Chansey restored its HP.</small></div><div class="spacer"></div><div><small>Vaporeon's wish came true!</small></div><div><small>The opposing Vaporeon was hurt by poison!</small></div><h2>Turn 283</h2><div class="chat message-error">You have 150 seconds to make your decision.</div><div class="spacer"></div><div>Zepereira withdrew Vaporeon!</div><div class="spacer"></div><div>Zepereira sent out Mew!</div><div class="spacer"></div><div>Chansey, come back!</div><div class="spacer"></div><div>Go! Azumarill!</div><h2>Turn 284</h2><div class="chat message-error">You have 150 seconds to make your decision.</div><div class="spacer"></div><div>Zepereira withdrew Mew!</div><div class="spacer"></div><div>Zepereira sent out Talonflame!</div><div class="spacer"></div><div>Azumarill is fast asleep.</div><div class="spacer"></div><div><small>The opposing Talonflame restored a little HP using its Leftovers!</small></div><h2>Turn 285</h2><div class="chat message-error">You have 150 seconds to make your decision.</div><div class="spacer"></div><div>Azumarill, come back!</div><div class="spacer"></div><div>Go! Quagsire!</div><div class="spacer"></div><div>The opposing Talonflame used <strong>Brave Bird</strong>!</div><div><small>A critical hit! </small><small>Quagsire lost <abbr title="−141/394">35.8%</abbr> of its health!</small><br></div><div><small>The opposing Talonflame is damaged by the recoil!</small></div><div class="spacer"></div><div><small>The opposing Talonflame restored a little HP using its Leftovers!</small></div><div><small>Quagsire restored a little HP using its Leftovers!</small></div><div><small>Quagsire was hurt by its burn!</small></div><h2>Turn 286</h2><div class="chat message-error">You have 150 seconds to make your decision.</div><div class="spacer"></div><div>The opposing Talonflame used <strong>Brave Bird</strong>!</div><div><small>Quagsire lost <abbr title="−94/394">23.9%</abbr> of its health!</small><br></div><div><small>The opposing Talonflame is damaged by the recoil!</small></div><div class="spacer"></div><div>Quagsire used <strong>Recover</strong>!</div><div><small>Quagsire restored its HP.</small></div><div class="spacer"></div><div><small>The opposing Talonflame restored a little HP using its Leftovers!</small></div><div><small>Quagsire restored a little HP using its Leftovers!</small></div><div><small>Quagsire was hurt by its burn!</small></div><h2>Turn 287</h2><div class="chat message-error">You have 150 seconds to make your decision.</div><div class="spacer"></div><div>Zepereira withdrew Talonflame!</div><div class="spacer"></div><div>Zepereira sent out Vaporeon!</div><div class="spacer"></div><div>Quagsire used <strong>Recover</strong>!</div><div><small>Quagsire restored its HP.</small></div><div class="spacer"></div><div><small>The opposing Vaporeon was hurt by poison!</small></div><div><small>Quagsire was hurt by its burn!</small></div><h2>Turn 288</h2><div class="chat message-error">You have 150 seconds to make your decision.</div><div class="spacer"></div><div>Zepereira withdrew Vaporeon!</div><div class="spacer"></div><div>Zepereira sent out Talonflame!</div><div class="spacer"></div><div>Quagsire, come back!</div><div class="spacer"></div><div>Go! Azumarill!</div><div class="spacer"></div><div><small>The opposing Talonflame restored a little HP using its Leftovers!</small></div><h2>Turn 289</h2><div class="chat message-error">You have 150 seconds to make your decision.</div><div class="spacer"></div><div>The opposing Talonflame used <strong>Bulk Up</strong>!</div><div><small>The opposing Talonflame's Attack rose! The opposing Talonflame's Defense rose! </small></div><div class="spacer"></div><div>Azumarill is fast asleep.</div><div class="spacer"></div><div><small>The opposing Talonflame restored a little HP using its Leftovers!</small></div><h2>Turn 290</h2><div class="chat message-error">You have 150 seconds to make your decision.</div><div class="spacer"></div><div>The opposing Talonflame used <strong>Brave Bird</strong>!</div><div><small>Azumarill lost <abbr title="−144/404">35.6%</abbr> of its health!</small><br></div><div><small>The opposing Talonflame is damaged by the recoil!</small></div><div><small>Azumarill woke up!</small></div><div class="spacer"></div><div>Azumarill used <strong>Toxic</strong>!</div><div><small>The opposing Talonflame avoided the attack!</small></div><div class="spacer"></div><div><small>The opposing Talonflame restored a little HP using its Leftovers!</small></div><h2>Turn 291</h2><div class="chat message-error">You have 150 seconds to make your decision.</div><div class="spacer"></div><div>Zepereira withdrew Talonflame!</div><div class="spacer"></div><div>Zepereira sent out Sableye <small>(Sableye-Mega)</small>!</div><div class="spacer"></div><div>Azumarill, come back!</div><div class="spacer"></div><div>Go! Skarmory!</div><div class="spacer"></div><div><small>Skarmory was hurt by its burn!</small></div><h2>Turn 292</h2><div class="chat message-error">You have 150 seconds to make your decision.</div><div class="spacer"></div><div>Skarmory, come back!</div><div class="spacer"></div><div>Go! Chansey!</div><div class="spacer"></div><div>Zepereira withdrew Sableye <small>(Sableye-Mega)</small>!</div><div class="spacer"></div><div>Zepereira sent out Mew!</div><h2>Turn 293</h2><div class="chat message-error">You have 150 seconds to make your decision.</div><div class="spacer"></div><div>Chansey, come back!</div><div class="spacer"></div><div>Go! Suicune!</div><div><small>[Suicune's Pressure!]</small></div><div><small>Suicune is exerting its pressure!</small></div><div class="spacer"></div><div>The opposing Mew used <strong>Will-O-Wisp</strong>!</div><div><small>Suicune avoided the attack!</small></div><h2>Turn 294</h2><div class="chat message-error">You have 150 seconds to make your decision.</div><div class="spacer"></div><div>Zepereira withdrew Mew!</div><div class="spacer"></div><div>Zepereira sent out Shedinja!</div><div class="spacer"></div><div>Suicune, come back!</div><div class="spacer"></div><div>Go! Sableye <small>(Sableye-Mega)</small>!</div><div class="spacer"></div><div><small>Sableye was hurt by its burn!</small></div><h2>Turn 295</h2><div class="chat message-error">You have 150 seconds to make your decision.</div><div class="spacer"></div><div>The opposing Shedinja used <strong>X-Scissor</strong>!</div><div><small>Sableye lost <abbr title="−87/303">28.7%</abbr> of its health!</small><br></div><div class="spacer"></div><div>Sableye used <strong>Recover</strong>!</div><div><small>Sableye restored its HP.</small></div><div class="spacer"></div><div><small>Sableye was hurt by its burn!</small></div><h2>Turn 296</h2><div class="chat message-error">You have 150 seconds to make your decision.</div><div class="spacer"></div><div>The opposing Shedinja used <strong>X-Scissor</strong>!</div><div><small>Sableye lost <abbr title="−88/303">29.0%</abbr> of its health!</small><br></div><div class="spacer"></div><div>Sableye used <strong>Recover</strong>!</div><div><small>Sableye restored its HP.</small></div><div class="spacer"></div><div><small>Sableye was hurt by its burn!</small></div><h2>Turn 297</h2><div class="chat message-error">You have 150 seconds to make your decision.</div><div class="spacer"></div><div>Sableye, come back!</div><div class="spacer"></div><div>Go! Azumarill!</div><div class="spacer"></div><div>The opposing Shedinja used <strong>Baton Pass</strong>!</div><div class="spacer"></div><div>Zepereira sent out Sableye <small>(Sableye-Mega)</small>!</div><h2>Turn 298</h2><div class="chat message-error">You have 150 seconds to make your decision.</div><div class="spacer"></div><div>Azumarill, come back!</div><div class="spacer"></div><div>Go! Suicune!</div><div><small>[Suicune's Pressure!]</small></div><div><small>Suicune is exerting its pressure!</small></div><div class="spacer"></div><div>The opposing Sableye used <strong>Will-O-Wisp</strong>!</div><div><small>Suicune was burned!</small></div><div class="spacer"></div><div><small>Suicune was hurt by its burn!</small></div><h2>Turn 299</h2><div class="chat message-error">You have 150 seconds to make your decision.</div><div class="spacer"></div><div>Zepereira withdrew Sableye <small>(Sableye-Mega)</small>!</div><div class="spacer"></div><div>Zepereira sent out Shedinja!</div><div class="spacer"></div><div>Suicune used <strong>Calm Mind</strong>!</div><div><small>Suicune's Special Attack rose! Suicune's Special Defense rose! </small></div><div class="spacer"></div><div><small>Suicune was hurt by its burn!</small></div><h2>Turn 300</h2><div class="chat message-error">You have 150 seconds to make your decision.</div><div class="spacer"></div><div>Suicune used <strong>Rest</strong>!</div><div><small>Suicune fell asleep!</small></div><div><small>Suicune slept and became healthy!</small></div><div class="spacer"></div><div>The opposing Shedinja used <strong>Baton Pass</strong>!</div><div class="spacer"></div><div>Zepereira sent out Talonflame!</div><div class="spacer"></div><div><small>The opposing Talonflame restored a little HP using its Leftovers!</small></div><h2>Turn 301</h2><div class="chat message-error">You have 150 seconds to make your decision.</div><div class="spacer"></div><div>Suicune, come back!</div><div class="spacer"></div><div>Go! Quagsire!</div><div class="spacer"></div><div>The opposing Talonflame used <strong>Bulk Up</strong>!</div><div><small>The opposing Talonflame's Attack rose! The opposing Talonflame's Defense rose! </small></div><div class="spacer"></div><div><small>The opposing Talonflame restored a little HP using its Leftovers!</small></div><div><small>Quagsire restored a little HP using its Leftovers!</small></div><div><small>Quagsire was hurt by its burn!</small></div><h2>Turn 302</h2><div class="chat message-error">You have 150 seconds to make your decision.</div><div class="spacer"></div><div>Zepereira withdrew Talonflame!</div><div class="spacer"></div><div>Zepereira sent out Vaporeon!</div><div class="spacer"></div><div>Quagsire used <strong>Toxic</strong>!</div><div><small>The opposing Vaporeon is already poisoned.</small></div><div class="spacer"></div><div><small>Quagsire restored a little HP using its Leftovers!</small></div><div><small>The opposing Vaporeon was hurt by poison!</small></div><div><small>Quagsire was hurt by its burn!</small></div><h2>Turn 303</h2><div class="chat message-error">You have 150 seconds to make your decision.</div><div class="spacer"></div><div>Zepereira withdrew Vaporeon!</div><div class="spacer"></div><div>Zepereira sent out Talonflame!</div><div class="spacer"></div><div>Quagsire, come back!</div><div class="spacer"></div><div>Go! Suicune!</div><div><small>[Suicune's Pressure!]</small></div><div><small>Suicune is exerting its pressure!</small></div><div class="spacer"></div><div><small>The opposing Talonflame restored a little HP using its Leftovers!</small></div><h2>Turn 304</h2><div class="chat message-error">You have 150 seconds to make your decision.</div><div class="spacer"></div><div>Suicune, come back!</div><div class="spacer"></div><div>Go! Quagsire!</div><div class="spacer"></div><div>The opposing Talonflame used <strong>Bulk Up</strong>!</div><div><small>The opposing Talonflame's Attack rose! The opposing Talonflame's Defense rose! </small></div><div class="spacer"></div><div><small>The opposing Talonflame restored a little HP using its Leftovers!</small></div><div><small>Quagsire restored a little HP using its Leftovers!</small></div><div><small>Quagsire was hurt by its burn!</small></div><h2>Turn 305</h2><div class="chat message-error">You have 150 seconds to make your decision.</div><div class="spacer"></div><div>The opposing Talonflame used <strong>Brave Bird</strong>!</div><div><small>Quagsire lost <abbr title="−94/394">23.9%</abbr> of its health!</small><br></div><div><small>The opposing Talonflame is damaged by the recoil!</small></div><div class="spacer"></div><div>Quagsire used <strong>Toxic</strong>!</div><div><small>The opposing Talonflame was badly poisoned!</small></div><div class="spacer"></div><div><small>The opposing Talonflame restored a little HP using its Leftovers!</small></div><div><small>Quagsire restored a little HP using its Leftovers!</small></div><div><small>The opposing Talonflame was hurt by poison!</small></div><div><small>Quagsire was hurt by its burn!</small></div><h2>Turn 306</h2><div class="chat message-error">You have 150 seconds to make your decision.</div><div class="spacer"></div><div>The opposing Talonflame used <strong>Brave Bird</strong>!</div><div><small>Quagsire lost <abbr title="−96/394">24.4%</abbr> of its health!</small><br></div><div><small>The opposing Talonflame is damaged by the recoil!</small></div><div class="spacer"></div><div>Quagsire used <strong>Recover</strong>!</div><div><small>Quagsire restored its HP.</small></div><div class="spacer"></div><div><small>The opposing Talonflame restored a little HP using its Leftovers!</small></div><div><small>Quagsire restored a little HP using its Leftovers!</small></div><div><small>The opposing Talonflame was hurt by poison!</small></div><div><small>Quagsire was hurt by its burn!</small></div><h2>Turn 307</h2><div class="chat message-error">You have 150 seconds to make your decision.</div><div class="spacer"></div><div>The opposing Talonflame used <strong>Brave Bird</strong>!</div><div><small>Quagsire lost <abbr title="−90/394">22.8%</abbr> of its health!</small><br></div><div><small>The opposing Talonflame is damaged by the recoil!</small></div><div class="spacer"></div><div>Quagsire used <strong>Recover</strong>!</div><div><small>Quagsire restored its HP.</small></div><div class="spacer"></div><div><small>The opposing Talonflame restored a little HP using its Leftovers!</small></div><div><small>Quagsire restored a little HP using its Leftovers!</small></div><div><small>The opposing Talonflame was hurt by poison!</small></div><div><small>Quagsire was hurt by its burn!</small></div><h2>Turn 308</h2><div class="chat message-error">You have 150 seconds to make your decision.</div><div class="spacer"></div><div>Zepereira withdrew Talonflame!</div><div class="spacer"></div><div>Zepereira sent out Vaporeon!</div><div class="spacer"></div><div>Quagsire, come back!</div><div class="spacer"></div><div>Go! Chansey!</div><div class="spacer"></div><div><small>The opposing Vaporeon was hurt by poison!</small></div><h2>Turn 309</h2><div class="chat message-error">You have 150 seconds to make your decision.</div><div class="spacer"></div><div>The opposing Vaporeon used <strong>Wish</strong>!</div><div class="spacer"></div><div>Chansey used <strong>Heal Bell</strong>!</div><div><small>A bell chimed!</small></div><div class="spacer"></div><div><small>The opposing Vaporeon was hurt by poison!</small></div><h2>Turn 310</h2><div class="chat message-error">You have 150 seconds to make your decision.</div><div class="spacer"></div><div>The opposing Vaporeon used <strong>Heal Bell</strong>!</div><div><small>A bell chimed!</small></div><div class="spacer"></div><div>Chansey used <strong>Seismic Toss</strong>!</div><div><small>The opposing Vaporeon lost 21% of its health!</small><br></div><div class="spacer"></div><div><small>Vaporeon's wish came true!</small></div><h2>Turn 311</h2><div class="chat message-error">You have 150 seconds to make your decision.</div><div class="spacer"></div><div>Chansey, come back!</div><div class="spacer"></div><div>Go! Suicune!</div><div><small>[Suicune's Pressure!]</small></div><div><small>Suicune is exerting its pressure!</small></div><div class="spacer"></div><div>The opposing Vaporeon used <strong>Scald</strong>!</div><div><small>It's not very effective... </small><small>Suicune lost <abbr title="−42/404">10.4%</abbr> of its health!</small><br></div><h2>Turn 312</h2><div class="chat message-error">You have 150 seconds to make your decision.</div><div class="spacer"></div><div>Zepereira withdrew Vaporeon!</div><div class="spacer"></div><div>Zepereira sent out Shedinja!</div><div class="spacer"></div><div>Suicune used <strong>Calm Mind</strong>!</div><div><small>Suicune's Special Attack rose! Suicune's Special Defense rose! </small></div><h2>Turn 313</h2><div class="chat message-error">You have 150 seconds to make your decision.</div><div class="spacer"></div><div>Suicune, come back!</div><div class="spacer"></div><div>Go! Sableye <small>(Sableye-Mega)</small>!</div><div class="spacer"></div><div>The opposing Shedinja used <strong>Shadow Sneak</strong>!</div><div><small>Sableye lost <abbr title="−43/303">14.2%</abbr> of its health!</small><br></div><h2>Turn 314</h2><div class="chat message-error">You have 150 seconds to make your decision.</div><div class="spacer"></div><div>The opposing Shedinja used <strong>Baton Pass</strong>!</div><div class="spacer"></div><div>Zepereira sent out Sableye <small>(Sableye-Mega)</small>!</div><div class="spacer"></div><div>Sableye used <strong>Recover</strong>!</div><div><small>Sableye restored its HP.</small></div><h2>Turn 315</h2><div class="chat message-error">You have 150 seconds to make your decision.</div><div class="spacer"></div><div>Sableye, come back!</div><div class="spacer"></div><div>Go! Suicune!</div><div><small>[Suicune's Pressure!]</small></div><div><small>Suicune is exerting its pressure!</small></div><div class="spacer"></div><div>Zepereira withdrew Sableye <small>(Sableye-Mega)</small>!</div><div class="spacer"></div><div>Zepereira sent out Vaporeon!</div><h2>Turn 316</h2><div class="chat message-error">You have 150 seconds to make your decision.</div><div class="spacer"></div><div>Suicune, come back!</div><div class="spacer"></div><div>Go! Azumarill!</div><div class="spacer"></div><div>Zepereira withdrew Vaporeon!</div><div class="spacer"></div><div>Zepereira sent out Shedinja!</div><h2>Turn 317</h2><div class="chat message-error">You have 150 seconds to make your decision.</div><div class="spacer"></div><div>Azumarill, come back!</div><div class="spacer"></div><div>Go! Suicune!</div><div><small>[Suicune's Pressure!]</small></div><div><small>Suicune is exerting its pressure!</small></div><div class="spacer"></div><div>The opposing Shedinja used <strong>Baton Pass</strong>!</div><div class="spacer"></div><div>Zepereira sent out Vaporeon!</div><h2>Turn 318</h2><div class="chat message-error">You have 150 seconds to make your decision.</div><div class="spacer"></div><div>Suicune, come back!</div><div class="spacer"></div><div>Go! Azumarill!</div><div class="spacer"></div><div>The opposing Vaporeon used <strong>Wish</strong>!</div><h2>Turn 319</h2><div class="chat message-error">You have 150 seconds to make your decision.</div><div class="spacer"></div><div>Zepereira withdrew Vaporeon!</div><div class="spacer"></div><div>Zepereira sent out Sableye <small>(Sableye-Mega)</small>!</div><div class="spacer"></div><div>Azumarill, come back!</div><div class="spacer"></div><div>Go! Chansey!</div><h2>Turn 320</h2><div class="chat message-error">You have 150 seconds to make your decision.</div><div class="spacer"></div><div>Chansey, come back!</div><div class="spacer"></div><div>Go! Sableye <small>(Sableye-Mega)</small>!</div><div class="spacer"></div><div>Zepereira withdrew Sableye <small>(Sableye-Mega)</small>!</div><div class="spacer"></div><div>Zepereira sent out Mew!</div><h2>Turn 321</h2><div class="chat message-error">You have 150 seconds to make your decision.</div><div class="spacer"></div><div>Zepereira withdrew Mew!</div><div class="spacer"></div><div>Zepereira sent out Sableye <small>(Sableye-Mega)</small>!</div><div class="spacer"></div><div>Sableye used <strong>Fake Out</strong>!</div><div><small>It doesn't affect the opposing Sableye... </small></div><h2>Turn 322</h2><div class="chat message-error">You have 150 seconds to make your decision.</div><div class="spacer"></div><div>Sableye, come back!</div><div class="spacer"></div><div>Go! Suicune!</div><div><small>[Suicune's Pressure!]</small></div><div><small>Suicune is exerting its pressure!</small></div><div class="spacer"></div><div>Zepereira withdrew Sableye <small>(Sableye-Mega)</small>!</div><div class="spacer"></div><div>Zepereira sent out Mew!</div><h2>Turn 323</h2><div class="chat message-error">You have 150 seconds to make your decision.</div><div class="spacer"></div><div>Zepereira withdrew Mew!</div><div class="spacer"></div><div>Zepereira sent out Shedinja!</div><div class="spacer"></div><div>Suicune used <strong>Scald</strong>!</div><div><small>[Opposing Shedinja's Wonder Guard!]</small></div><div><small>The opposing Shedinja's Wonder Guard evades the attack!</small></div><h2>Turn 324</h2><div class="chat message-error">You have 150 seconds to make your decision.</div><div class="spacer"></div><div>Suicune, come back!</div><div class="spacer"></div><div>Go! Sableye <small>(Sableye-Mega)</small>!</div><div class="spacer"></div><div>The opposing Shedinja used <strong>X-Scissor</strong>!</div><div><small>Sableye lost <abbr title="−94/303">31.0%</abbr> of its health!</small><br></div><h2>Turn 325</h2><div class="chat message-error">You have 150 seconds to make your decision.</div><div class="spacer"></div><div>The opposing Shedinja used <strong>Baton Pass</strong>!</div><div class="spacer"></div><div>Zepereira sent out Sableye <small>(Sableye-Mega)</small>!</div><div class="spacer"></div><div>Sableye used <strong>Knock Off</strong>!</div><div><small>The opposing Sableye lost 14% of its health!</small><br></div><h2>Turn 326</h2><div class="chat message-error">You have 150 seconds to make your decision.</div><div class="spacer"></div><div>Zepereira withdrew Sableye <small>(Sableye-Mega)</small>!</div><div class="spacer"></div><div>Zepereira sent out Mew!</div><div class="spacer"></div><div>Sableye, come back!</div><div class="spacer"></div><div>Go! Suicune!</div><div><small>[Suicune's Pressure!]</small></div><div><small>Suicune is exerting its pressure!</small></div><h2>Turn 327</h2><div class="chat message-error">You have 150 seconds to make your decision.</div><div class="spacer"></div><div>Zepereira withdrew Mew!</div><div class="spacer"></div><div>Zepereira sent out Shedinja!</div><div class="spacer"></div><div>Suicune, come back!</div><div class="spacer"></div><div>Go! Chansey!</div><h2>Turn 328</h2><div class="chat message-error">You have 150 seconds to make your decision.</div><div class="spacer"></div><div>Chansey, come back!</div><div class="spacer"></div><div>Go! Skarmory!</div><div class="spacer"></div><div>The opposing Shedinja used <strong>X-Scissor</strong>!</div><div><small>It's not very effective... </small><small>Skarmory lost <abbr title="−17/333">5.1%</abbr> of its health!</small><br></div><h2>Turn 329</h2><div class="chat message-error">You have 150 seconds to make your decision.</div><div class="spacer"></div><div>Skarmory used <strong>Roost</strong>!</div><div><small>Skarmory restored its HP.</small></div><div class="spacer"></div><div>The opposing Shedinja used <strong>Baton Pass</strong>!</div><div class="spacer"></div><div>Zepereira sent out Talonflame!</div><div class="spacer"></div><div><small>The opposing Talonflame restored a little HP using its Leftovers!</small></div><h2>Turn 330</h2><div class="chat message-error">You have 150 seconds to make your decision.</div><div class="spacer"></div><div>The opposing Talonflame used <strong>Will-O-Wisp</strong>!</div><div><small>Skarmory was burned!</small></div><div class="spacer"></div><div>Skarmory used <strong>Spikes</strong>!</div><div><small>Spikes were scattered all around the feet of the opposing team!</small></div><div class="spacer"></div><div><small>The opposing Talonflame restored a little HP using its Leftovers!</small></div><div><small>Skarmory was hurt by its burn!</small></div><h2>Turn 331</h2><div class="chat message-error">You have 150 seconds to make your decision.</div><div class="spacer"></div><div>Zepereira withdrew Talonflame!</div><div class="spacer"></div><div>Zepereira sent out Mew!</div><div><small>The opposing Mew is hurt by the spikes!</small></div><div class="spacer"></div><div>Skarmory, come back!</div><div class="spacer"></div><div>Go! Azumarill!</div><h2>Turn 332</h2><div class="chat message-error">You have 150 seconds to make your decision.</div><div class="spacer"></div><div>Zepereira withdrew Mew!</div><div class="spacer"></div><div>Zepereira sent out Sableye <small>(Sableye-Mega)</small>!</div><div><small>The opposing Sableye is hurt by the spikes!</small></div><div class="spacer"></div><div>Azumarill used <strong>Toxic</strong>!</div><div><small>[Opposing Sableye's Magic Bounce!]</small></div><div>The opposing Sableye bounced the Toxic back!</div><div><small>Azumarill was badly poisoned!</small></div><div class="spacer"></div><div><small>Azumarill was hurt by poison!</small></div><h2>Turn 333</h2><div class="chat message-error">You have 150 seconds to make your decision.</div><div class="spacer"></div><div>Azumarill used <strong>Rest</strong>!</div><div><small>Azumarill fell asleep!</small></div><div><small>Azumarill slept and became healthy!</small></div><div class="spacer"></div><div>The opposing Sableye used <strong>Recover</strong>!</div><div><small>The opposing Sableye restored its HP.</small></div><h2>Turn 334</h2><div class="chat message-error">You have 150 seconds to make your decision.</div><div class="spacer"></div><div>Azumarill, come back!</div><div class="spacer"></div><div>Go! Suicune!</div><div><small>[Suicune's Pressure!]</small></div><div><small>Suicune is exerting its pressure!</small></div><div class="spacer"></div><div>Zepereira withdrew Sableye <small>(Sableye-Mega)</small>!</div><div class="spacer"></div><div>Zepereira sent out Talonflame!</div><div class="spacer"></div><div><small>The opposing Talonflame restored a little HP using its Leftovers!</small></div><h2>Turn 335</h2><div class="chat message-error">You have 150 seconds to make your decision.</div><div class="spacer"></div><div>Zepereira withdrew Talonflame!</div><div class="spacer"></div><div>Zepereira sent out Vaporeon!</div><div><small>The opposing Vaporeon is hurt by the spikes!</small></div><div class="spacer"></div><div>Suicune used <strong>Roar</strong>!</div><div class="spacer"></div><div>Mew was dragged out!</div><div><small>The opposing Mew is hurt by the spikes!</small></div><h2>Turn 336</h2><div class="chat message-error">You have 150 seconds to make your decision.</div><div class="spacer"></div><div>The opposing Mew used <strong>Defog</strong>!</div><div><small>Suicune's evasiveness fell! </small></div><div><small>The spikes disappeared from around the opposing team's feet!</small></div><div class="spacer"></div><div>Suicune used <strong>Scald</strong>!</div><div><small>The opposing Mew lost 21% of its health!</small><br></div><div><small>The opposing Mew was burned!</small></div><div><small>[Opposing Mew's Synchronize!]</small></div><div><small>Suicune was burned!</small></div><div class="spacer"></div><div><small>The opposing Mew was hurt by its burn!</small></div><div><small>Suicune was hurt by its burn!</small></div><h2>Turn 337</h2><div class="chat message-error">You have 150 seconds to make your decision.</div><div class="spacer"></div><div>Suicune, come back!</div><div class="spacer"></div><div>Go! Sableye <small>(Sableye-Mega)</small>!</div><div class="spacer"></div><div>The opposing Mew used <strong>Soft-Boiled</strong>!</div><div><small>The opposing Mew restored its HP.</small></div><div class="spacer"></div><div><small>The opposing Mew was hurt by its burn!</small></div><h2>Turn 338</h2><div class="chat message-error">You have 150 seconds to make your decision.</div><div class="spacer"></div><div>Sableye, come back!</div><div class="spacer"></div><div>Go! Azumarill!</div><div class="spacer"></div><div>The opposing Mew used <strong>Will-O-Wisp</strong>!</div><div><small>Azumarill avoided the attack!</small></div><div class="spacer"></div><div><small>The opposing Mew was hurt by its burn!</small></div><h2>Turn 339</h2><div class="chat message-error">You have 150 seconds to make your decision.</div><div class="spacer"></div><div>Zepereira withdrew Mew!</div><div class="spacer"></div><div>Zepereira sent out Talonflame!</div><div class="spacer"></div><div>Azumarill is fast asleep.</div><div class="spacer"></div><div><small>The opposing Talonflame restored a little HP using its Leftovers!</small></div><h2>Turn 340</h2><div class="chat message-error">You have 150 seconds to make your decision.</div><div class="spacer"></div><div>Azumarill, come back!</div><div class="spacer"></div><div>Go! Sableye <small>(Sableye-Mega)</small>!</div><div class="spacer"></div><div>The opposing Talonflame used <strong>Brave Bird</strong>!</div><div><small>Sableye lost <abbr title="−82/303">27.1%</abbr> of its health!</small><br></div><div><small>The opposing Talonflame is damaged by the recoil!</small></div><div class="spacer"></div><div><small>The opposing Talonflame restored a little HP using its Leftovers!</small></div><h2>Turn 341</h2><div class="chat message-error">You have 150 seconds to make your decision.</div><div class="spacer"></div><div>The opposing Talonflame used <strong>Brave Bird</strong>!</div><div><small>Sableye lost <abbr title="−90/303">29.7%</abbr> of its health!</small><br></div><div><small>The opposing Talonflame is damaged by the recoil!</small></div><div class="spacer"></div><div>Sableye used <strong>Recover</strong>!</div><div><small>Sableye restored its HP.</small></div><div class="spacer"></div><div><small>The opposing Talonflame restored a little HP using its Leftovers!</small></div><h2>Turn 342</h2><div class="chat message-error">You have 150 seconds to make your decision.</div><div class="spacer"></div><div>Sableye, come back!</div><div class="spacer"></div><div>Go! Suicune!</div><div><small>[Suicune's Pressure!]</small></div><div><small>Suicune is exerting its pressure!</small></div><div class="spacer"></div><div>The opposing Talonflame used <strong>Brave Bird</strong>!</div><div><small>Suicune lost <abbr title="−79/404">19.6%</abbr> of its health!</small><br></div><div><small>The opposing Talonflame is damaged by the recoil!</small></div><div class="spacer"></div><div><small>The opposing Talonflame restored a little HP using its Leftovers!</small></div><div><small>Suicune was hurt by its burn!</small></div><h2>Turn 343</h2><div class="chat message-error">You have 150 seconds to make your decision.</div><div class="spacer"></div><div>The opposing Talonflame used <strong>Bulk Up</strong>!</div><div><small>The opposing Talonflame's Attack rose! The opposing Talonflame's Defense rose! </small></div><div class="spacer"></div><div>Suicune used <strong>Rest</strong>!</div><div><small>Suicune fell asleep!</small></div><div><small>Suicune slept and became healthy!</small></div><div class="spacer"></div><div><small>The opposing Talonflame restored a little HP using its Leftovers!</small></div><h2>Turn 344</h2><div class="chat message-error">You have 150 seconds to make your decision.</div><div class="spacer"></div><div>Suicune, come back!</div><div class="spacer"></div><div>Go! Quagsire!</div><div class="spacer"></div><div>The opposing Talonflame used <strong>Brave Bird</strong>!</div><div><small>Quagsire lost <abbr title="−100/394">25.4%</abbr> of its health!</small><br></div><div><small>The opposing Talonflame is damaged by the recoil!</small></div><div class="spacer"></div><div><small>The opposing Talonflame restored a little HP using its Leftovers!</small></div><div><small>Quagsire restored a little HP using its Leftovers!</small></div><h2>Turn 345</h2><div class="chat message-error">You have 150 seconds to make your decision.</div><div class="spacer"></div><div>The opposing Talonflame used <strong>Will-O-Wisp</strong>!</div><div><small>Quagsire was burned!</small></div><div class="spacer"></div><div>Quagsire used <strong>Recover</strong>!</div><div><small>Quagsire restored its HP.</small></div><div class="spacer"></div><div><small>The opposing Talonflame restored a little HP using its Leftovers!</small></div><div><small>Quagsire was hurt by its burn!</small></div><h2>Turn 346</h2><div class="chat message-error">You have 150 seconds to make your decision.</div><div class="spacer"></div><div>Zepereira withdrew Talonflame!</div><div class="spacer"></div><div>Zepereira sent out Vaporeon!</div><div class="spacer"></div><div>Quagsire used <strong>Toxic</strong>!</div><div><small>The opposing Vaporeon was badly poisoned!</small></div><div class="spacer"></div><div><small>Quagsire restored a little HP using its Leftovers!</small></div><div><small>The opposing Vaporeon was hurt by poison!</small></div><div><small>Quagsire was hurt by its burn!</small></div><h2>Turn 347</h2><div class="chat message-error">You have 150 seconds to make your decision.</div><div class="spacer"></div><div>Quagsire, come back!</div><div class="spacer"></div><div>Go! Suicune!</div><div><small>[Suicune's Pressure!]</small></div><div><small>Suicune is exerting its pressure!</small></div><div class="spacer"></div><div>The opposing Vaporeon used <strong>Wish</strong>!</div><div class="spacer"></div><div><small>The opposing Vaporeon was hurt by poison!</small></div><h2>Turn 348</h2><div class="chat message-error">You have 150 seconds to make your decision.</div><div class="spacer"></div><div>The opposing Vaporeon used <strong>Protect</strong>!</div><div><small>The opposing Vaporeon protected itself!</small></div><div class="spacer"></div><div>Suicune is fast asleep.</div><div class="spacer"></div><div><small>Vaporeon's wish came true!</small></div><div><small>The opposing Vaporeon was hurt by poison!</small></div><h2>Turn 349</h2><div class="chat message-error">You have 150 seconds to make your decision.</div><div class="spacer"></div><div>Zepereira withdrew Vaporeon!</div><div class="spacer"></div><div>Zepereira sent out Sableye <small>(Sableye-Mega)</small>!</div><div class="spacer"></div><div>Suicune is fast asleep.</div><h2>Turn 350</h2><div class="chat message-error">You have 150 seconds to make your decision.</div><div class="spacer"></div><div>Zepereira withdrew Sableye <small>(Sableye-Mega)</small>!</div><div class="spacer"></div><div>Zepereira sent out Shedinja!</div><div><small>Suicune woke up!</small></div><div class="spacer"></div><div>Suicune used <strong>Scald</strong>!</div><div><small>[Opposing Shedinja's Wonder Guard!]</small></div><div><small>The opposing Shedinja's Wonder Guard evades the attack!</small></div><h2>Turn 351</h2><div class="chat message-error">You have 150 seconds to make your decision.</div><div class="spacer"></div><div>Suicune, come back!</div><div class="spacer"></div><div>Go! Skarmory!</div><div class="spacer"></div><div>The opposing Shedinja used <strong>X-Scissor</strong>!</div><div><small>It's not very effective... </small><small>Skarmory lost <abbr title="−16/333">4.8%</abbr> of its health!</small><br></div><div class="spacer"></div><div><small>Skarmory was hurt by its burn!</small></div><h2>Turn 352</h2><div class="chat message-error">You have 150 seconds to make your decision.</div><div class="spacer"></div><div>Skarmory, come back!</div><div class="spacer"></div><div>Go! Sableye <small>(Sableye-Mega)</small>!</div><div class="spacer"></div><div>The opposing Shedinja used <strong>Baton Pass</strong>!</div><div class="spacer"></div><div>Zepereira sent out Sableye <small>(Sableye-Mega)</small>!</div><h2>Turn 353</h2><div class="chat message-error">You have 150 seconds to make your decision.</div><div class="spacer"></div><div>Sableye, come back!</div><div class="spacer"></div><div>Go! Suicune!</div><div><small>[Suicune's Pressure!]</small></div><div><small>Suicune is exerting its pressure!</small></div><div class="spacer"></div><div>Zepereira withdrew Sableye <small>(Sableye-Mega)</small>!</div><div class="spacer"></div><div>Zepereira sent out Shedinja!</div><h2>Turn 354</h2><div class="chat message-error">You have 150 seconds to make your decision.</div><div class="spacer"></div><div>Suicune, come back!</div><div class="spacer"></div><div>Go! Azumarill!</div><div class="spacer"></div><div>The opposing Shedinja used <strong>Shadow Sneak</strong>!</div><div><small>Azumarill lost <abbr title="−54/404">13.4%</abbr> of its health!</small><br></div><h2>Turn 355</h2><div class="chat message-error">You have 150 seconds to make your decision.</div><div class="spacer"></div><div>Azumarill is fast asleep.</div><div class="spacer"></div><div>The opposing Shedinja used <strong>Baton Pass</strong>!</div><div class="spacer"></div><div>Zepereira sent out Talonflame!</div><div class="spacer"></div><div><small>The opposing Talonflame restored a little HP using its Leftovers!</small></div><h2>Turn 356</h2><div class="chat message-error">You have 150 seconds to make your decision.</div><div class="spacer"></div><div>The opposing Talonflame used <strong>Bulk Up</strong>!</div><div><small>The opposing Talonflame's Attack rose! The opposing Talonflame's Defense rose! </small></div><div><small>Azumarill woke up!</small></div><div class="spacer"></div><div>Azumarill used <strong>Toxic</strong>!</div><div><small>The opposing Talonflame was badly poisoned!</small></div><div class="spacer"></div><div><small>The opposing Talonflame restored a little HP using its Leftovers!</small></div><div><small>The opposing Talonflame was hurt by poison!</small></div><h2>Turn 357</h2><div class="chat message-error">You have 150 seconds to make your decision.</div><div class="spacer"></div><div>Azumarill, come back!</div><div class="spacer"></div><div>Go! Skarmory!</div><div class="spacer"></div><div>The opposing Talonflame used <strong>Bulk Up</strong>!</div><div><small>The opposing Talonflame's Attack rose! The opposing Talonflame's Defense rose! </small></div><div class="spacer"></div><div><small>The opposing Talonflame restored a little HP using its Leftovers!</small></div><div><small>The opposing Talonflame was hurt by poison!</small></div><div><small>Skarmory was hurt by its burn!</small></div><h2>Turn 358</h2><div class="chat message-error">You have 150 seconds to make your decision.</div><div class="spacer"></div><div>Zepereira withdrew Talonflame!</div><div class="spacer"></div><div>Zepereira sent out Sableye <small>(Sableye-Mega)</small>!</div><div class="spacer"></div><div>Skarmory used <strong>Roost</strong>!</div><div><small>Skarmory restored its HP.</small></div><div class="spacer"></div><div><small>Skarmory was hurt by its burn!</small></div><h2>Turn 359</h2><div class="chat message-error">You have 150 seconds to make your decision.</div><div class="spacer"></div><div>Skarmory, come back!</div><div class="spacer"></div><div>Go! Sableye <small>(Sableye-Mega)</small>!</div><div class="spacer"></div><div>The opposing Sableye used <strong>Calm Mind</strong>!</div><div><small>The opposing Sableye's Special Attack rose! The opposing Sableye's Special Defense rose! </small></div><h2>Turn 360</h2><div class="chat message-error">You have 150 seconds to make your decision.</div><div class="spacer"></div><div>Sableye, come back!</div><div class="spacer"></div><div>Go! Suicune!</div><div><small>[Suicune's Pressure!]</small></div><div><small>Suicune is exerting its pressure!</small></div><div class="spacer"></div><div>The opposing Sableye used <strong>Calm Mind</strong>!</div><div><small>The opposing Sableye's Special Attack rose! The opposing Sableye's Special Defense rose! </small></div><h2>Turn 361</h2><div class="chat message-error">You have 150 seconds to make your decision.</div><div class="spacer"></div><div>Zepereira withdrew Sableye <small>(Sableye-Mega)</small>!</div><div class="spacer"></div><div>Zepereira sent out Shedinja!</div><div class="spacer"></div><div>Suicune used <strong>Calm Mind</strong>!</div><div><small>Suicune's Special Attack rose! Suicune's Special Defense rose! </small></div><h2>Turn 362</h2><div class="chat message-error">You have 150 seconds to make your decision.</div><div class="spacer"></div><div>Suicune, come back!</div><div class="spacer"></div><div>Go! Skarmory!</div><div class="spacer"></div><div>The opposing Shedinja used <strong>Shadow Sneak</strong>!</div><div><small>A critical hit! </small><small>Skarmory lost <abbr title="−55/333">16.5%</abbr> of its health!</small><br></div><div class="spacer"></div><div><small>Skarmory was hurt by its burn!</small></div><h2>Turn 363</h2><div class="chat message-error">You have 150 seconds to make your decision.</div><div class="spacer"></div><div>Skarmory, come back!</div><div class="spacer"></div><div>Go! Azumarill!</div><div class="spacer"></div><div>Zepereira withdrew Shedinja!</div><div class="spacer"></div><div>Zepereira sent out Sableye <small>(Sableye-Mega)</small>!</div><h2>Turn 364</h2><div class="chat message-error">You have 150 seconds to make your decision.</div><div class="spacer"></div><div>Azumarill, come back!</div><div class="spacer"></div><div>Go! Sableye <small>(Sableye-Mega)</small>!</div><div class="spacer"></div><div>The opposing Sableye used <strong>Shadow Ball</strong>!</div><div><small>Sableye lost <abbr title="−66/303">21.8%</abbr> of its health!</small><br></div><h2>Turn 365</h2><div class="chat message-error">You have 150 seconds to make your decision.</div><div class="spacer"></div><div>Zepereira withdrew Sableye <small>(Sableye-Mega)</small>!</div><div class="spacer"></div><div>Zepereira sent out Shedinja!</div><div class="spacer"></div><div>Sableye used <strong>Recover</strong>!</div><div><small>Sableye restored its HP.</small></div><h2>Turn 366</h2><div class="chat message-error">You have 150 seconds to make your decision.</div><div class="spacer"></div><div>Zepereira withdrew Shedinja!</div><div class="spacer"></div><div>Zepereira sent out Sableye <small>(Sableye-Mega)</small>!</div><div class="spacer"></div><div>Sableye used <strong>Knock Off</strong>!</div><div><small>The opposing Sableye lost 14% of its health!</small><br></div><h2>Turn 367</h2><div class="chat message-error">You have 150 seconds to make your decision.</div><div class="spacer"></div><div>Sableye, come back!</div><div class="spacer"></div><div>Go! Chansey!</div><div class="spacer"></div><div>The opposing Sableye used <strong>Will-O-Wisp</strong>!</div><div><small>Chansey was burned!</small></div><div class="spacer"></div><div><small>Chansey was hurt by its burn!</small></div><h2>Turn 368</h2><div class="chat message-error">You have 150 seconds to make your decision.</div><div class="spacer"></div><div><small>(Chansey's Natural Cure activated!)</small></div><div class="spacer"></div><div>Chansey, come back!</div><div class="spacer"></div><div>Go! Sableye <small>(Sableye-Mega)</small>!</div><div class="spacer"></div><div>The opposing Sableye used <strong>Will-O-Wisp</strong>!</div><div><small>[Sableye's Magic Bounce!]</small></div><div>Sableye bounced the Will-O-Wisp back!</div><div><small>The opposing Sableye was burned!</small></div><div class="spacer"></div><div><small>The opposing Sableye was hurt by its burn!</small></div><h2>Turn 369</h2><div class="chat message-error">You have 150 seconds to make your decision.</div><div class="spacer"></div><div><small>Zepereira forfeited.</small></div><div class="spacer"></div><div>JsKingBoo won the battle!</div><div class="chat">Ladder updating...</div><div class="chat"><small>Zepereira left.</small></div><div class="chat">JsKingBoo's rating: 1684 → <strong>1704</strong><br>(+20 for winning)</div><div class="chat">Zepereira's rating: 1679 → <strong>1659</strong><br>(-20 for losing)</div></div></div>
</div>
<script>
var daily = Math.floor(Date.now()/1000/60/60/24);document.write('<script src="https://play.pokemonshowdown.com/js/replay-embed.js?version'+daily+'"></'+'script>');
</script>
