<!DOCTYPE html>
<meta charset="utf-8" />
<!-- version 1 -->
<title>OU replay: notdfficuLt vs. JsKingBoo</title>
<style>
html,body {font-family:Verdana, sans-serif;font-size:10pt;margin:0;padding:0;}body{padding:12px 0;} .battle-log {font-family:Verdana, sans-serif;font-size:10pt;} .battle-log-inline {border:1px solid #AAAAAA;background:#EEF2F5;color:black;max-width:640px;margin:0 auto 80px;padding-bottom:5px;} .battle-log .inner {padding:4px 8px 0px 8px;} .battle-log .inner-preempt {padding:0 8px 4px 8px;} .battle-log .inner-after {margin-top:0.5em;} .battle-log h2 {margin:0.5em -8px;padding:4px 8px;border:1px solid #AAAAAA;background:#E0E7EA;border-left:0;border-right:0;font-family:Verdana, sans-serif;font-size:13pt;} .battle-log .chat {vertical-align:middle;padding:3px 0 3px 0;font-size:8pt;} .battle-log .chat strong {color:#40576A;} .battle-log .chat em {padding:1px 4px 1px 3px;color:#000000;font-style:normal;} .chat.mine {background:rgba(0,0,0,0.05);margin-left:-8px;margin-right:-8px;padding-left:8px;padding-right:8px;} .spoiler {color:#BBBBBB;background:#BBBBBB;padding:0px 3px;} .spoiler:hover, .spoiler:active, .spoiler-shown {color:#000000;background:#E2E2E2;padding:0px 3px;} .spoiler a {color:#BBBBBB;} .spoiler:hover a, .spoiler:active a, .spoiler-shown a {color:#2288CC;} .chat code, .chat .spoiler:hover code, .chat .spoiler:active code, .chat .spoiler-shown code {border:1px solid #C0C0C0;background:#EEEEEE;color:black;padding:0 2px;} .chat .spoiler code {border:1px solid #CCCCCC;background:#CCCCCC;color:#CCCCCC;} .battle-log .rated {padding:3px 4px;} .battle-log .rated strong {color:white;background:#89A;padding:1px 4px;border-radius:4px;} .spacer {margin-top:0.5em;} .message-announce {background:#6688AA;color:white;padding:1px 4px 2px;} .message-announce a, .broadcast-green a, .broadcast-blue a, .broadcast-red a {color:#DDEEFF;} .broadcast-green {background-color:#559955;color:white;padding:2px 4px;} .broadcast-blue {background-color:#6688AA;color:white;padding:2px 4px;} .infobox {border:1px solid #6688AA;padding:2px 4px;} .infobox-limited {max-height:200px;overflow:auto;overflow-x:hidden;} .broadcast-red {background-color:#AA5544;color:white;padding:2px 4px;} .message-learn-canlearn {font-weight:bold;color:#228822;text-decoration:underline;} .message-learn-cannotlearn {font-weight:bold;color:#CC2222;text-decoration:underline;} .message-effect-weak {font-weight:bold;color:#CC2222;} .message-effect-resist {font-weight:bold;color:#6688AA;} .message-effect-immune {font-weight:bold;color:#666666;} .message-learn-list {margin-top:0;margin-bottom:0;} .message-throttle-notice, .message-error {color:#992222;} .message-overflow, .chat small.message-overflow {font-size:0pt;} .message-overflow::before {font-size:9pt;content:'...';} .subtle {color:#3A4A66;}
</style>
<div class="wrapper replay-wrapper" style="max-width:1180px;margin:0 auto">
<input type="hidden" name="replayid" value="ou-370707978" />
<div class="battle"></div><div class="battle-log"></div><div class="replay-controls"></div><div class="replay-controls-2"></div>
<h1 style="font-weight:normal;text-align:center"><strong>OU</strong><br /><a href="http://pokemonshowdown.com/users/notdfficult" class="subtle" target="_blank">notdfficuLt</a> vs. <a href="http://pokemonshowdown.com/users/jskingboo" class="subtle" target="_blank">JsKingBoo</a></h1>
<script type="text/plain" class="battle-log-data">|j|notdfficuLt
|j|JsKingBoo
|player|p1|notdfficuLt|138
|player|p2|JsKingBoo|2
|gametype|singles
|gen|6
|tier|OU
|rated
|seed|
|clearpoke
|poke|p1|Jirachi|item
|poke|p1|Lopunny, F|item
|poke|p1|Clefable, F|item
|poke|p1|Rotom-Wash|item
|poke|p1|Zapdos|item
|poke|p1|Excadrill, F|item
|poke|p2|Azumarill, F|item
|poke|p2|Quagsire, M|item
|poke|p2|Chansey, F|item
|poke|p2|Sableye, F|item
|poke|p2|Skarmory, M|item
|poke|p2|Suicune|item
|rule|Swagger Clause: Swagger is banned
|rule|Baton Pass Clause: Limit one Baton Passer, can't pass Spe and other stats simultaneously
|rule|Sleep Clause Mod: Limit one foe put to sleep
|rule|Species Clause: Limit one of each Pokémon
|rule|OHKO Clause: OHKO moves are banned
|rule|Moody Clause: Moody is banned
|rule|Evasion Moves Clause: Evasion moves are banned
|rule|Endless Battle Clause: Forcing endless battles is banned
|rule|HP Percentage Mod: HP is shown in percentages
|teampreview
|choice||
|
|start
|switch|p1a: is|Clefable, F|100\/100
|switch|p2a: Sableye|Sableye, F|100\/100
|turn|1
|choice||
|
|detailschange|p2a: Sableye|Sableye-Mega, F
|-mega|p2a: Sableye|Sableye|Sablenite
|move|p2a: Sableye|Fake Out|p1a: is
|-damage|p1a: is|93\/100
|cant|p1a: is|flinch
|
|-heal|p1a: is|99\/100|[from] item: Leftovers
|turn|2
|choice||
|
|switch|p2a: Skarmory|Skarmory, M|100\/100
|move|p1a: is|Moonblast|p2a: Skarmory
|-resisted|p2a: Skarmory
|-damage|p2a: Skarmory|79\/100
|
|-heal|p1a: is|100\/100|[from] item: Leftovers
|turn|3
|choice||
|
|switch|p2a: Chansey|Chansey, F|100\/100
|move|p1a: is|Moonblast|p2a: Chansey
|-damage|p2a: Chansey|91\/100
|-unboost|p2a: Chansey|spa|1
|
|turn|4
|choice||
|
|move|p1a: is|Stealth Rock|p2a: Chansey
|-sidestart|p2: JsKingBoo|move: Stealth Rock
|move|p2a: Chansey|Stealth Rock|p1a: is
|-sidestart|p1: notdfficuLt|move: Stealth Rock
|
|turn|5
|choice||
|
|switch|p1a: yung|Lopunny, F|100\/100
|-damage|p1a: yung|88\/100|[from] Stealth Rock
|move|p2a: Chansey|Seismic Toss|p1a: yung
|-damage|p1a: yung|51\/100
|
|turn|6
|choice||
|
|switch|p2a: Skarmory|Skarmory, M|79\/100
|-damage|p2a: Skarmory|66\/100|[from] Stealth Rock
|detailschange|p1a: yung|Lopunny-Mega, F
|-mega|p1a: yung|Lopunny|Lopunnite
|move|p1a: yung|High Jump Kick|p2a: Skarmory|[miss]
|-miss|p1a: yung|p2a: Skarmory
|-damage|p1a: yung|2\/100|[from] highjumpkick
|
|turn|7
|c|★notdfficuLt|kek
|choice||
|
|switch|p1a: stupid|Rotom-Wash|100\/100
|-damage|p1a: stupid|88\/100|[from] Stealth Rock
|move|p2a: Skarmory|Defog|p1a: stupid
|-unboost|p1a: stupid|evasion|1
|-sideend|p1: notdfficuLt|Stealth Rock|[from] move: Defog|[of] p1a: stupid
|-sideend|p2: JsKingBoo|Stealth Rock|[from] move: Defog|[of] p2a: Skarmory
|
|-heal|p1a: stupid|94\/100|[from] item: Leftovers
|turn|8
|choice||
|
|switch|p2a: Quagsire|Quagsire, M|100\/100
|move|p1a: stupid|Volt Switch|p2a: Quagsire
|-immune|p2a: Quagsire|[msg]
|
|-heal|p1a: stupid|99\/100|[from] item: Leftovers
|turn|9
|choice||
|
|switch|p1a: is|Clefable, F|100\/100
|switch|p2a: Chansey|Chansey, F|91\/100
|
|turn|10
|choice||
|
|switch|p2a: Skarmory|Skarmory, M|66\/100
|move|p1a: is|Stealth Rock|p2a: Skarmory
|-sidestart|p2: JsKingBoo|move: Stealth Rock
|
|turn|11
|choice||
|
|switch|p1a: hot|Zapdos|100\/100
|-ability|p1a: hot|Pressure
|move|p2a: Skarmory|Defog|p1a: hot
|-unboost|p1a: hot|evasion|1
|-sideend|p2: JsKingBoo|Stealth Rock|[from] move: Defog|[of] p2a: Skarmory
|
|turn|12
|choice||
|
|switch|p1a: is|Clefable, F|100\/100
|switch|p2a: Chansey|Chansey, F|91\/100
|
|turn|13
|choice||
|
|move|p1a: is|Moonblast|p2a: Chansey
|-damage|p2a: Chansey|81\/100
|move|p2a: Chansey|Stealth Rock|p1a: is
|-sidestart|p1: notdfficuLt|move: Stealth Rock
|
|turn|14
|choice||
|
|switch|p2a: Suicune|Suicune|100\/100
|-ability|p2a: Suicune|Pressure
|move|p1a: is|Moonblast|p2a: Suicune
|-damage|p2a: Suicune|78\/100
|
|-heal|p2a: Suicune|84\/100|[from] item: Leftovers
|turn|15
|choice||
|
|move|p2a: Suicune|Calm Mind|p2a: Suicune
|-boost|p2a: Suicune|spa|1
|-boost|p2a: Suicune|spd|1
|move|p1a: is|Stealth Rock|p2a: Suicune
|-sidestart|p2: JsKingBoo|move: Stealth Rock
|
|-heal|p2a: Suicune|90\/100|[from] item: Leftovers
|turn|16
|choice||
|
|switch|p1a: hot|Zapdos|100\/100
|-damage|p1a: hot|76\/100|[from] Stealth Rock
|-ability|p1a: hot|Pressure
|move|p2a: Suicune|Scald|p1a: hot
|-damage|p1a: hot|37\/100
|
|-heal|p1a: hot|43\/100|[from] item: Leftovers
|-heal|p2a: Suicune|97\/100|[from] item: Leftovers
|turn|17
|choice||
|
|move|p1a: hot|Discharge|p2a: Suicune
|-supereffective|p2a: Suicune
|-damage|p2a: Suicune|60\/100
|move|p2a: Suicune|Scald|p1a: hot
|-damage|p1a: hot|5\/100
|-status|p1a: hot|brn
|
|-heal|p1a: hot|11\/100 brn|[from] item: Leftovers
|-heal|p2a: Suicune|67\/100|[from] item: Leftovers
|-damage|p1a: hot|0 fnt|[from] brn
|faint|p1a: hot
|choice||
|
|switch|p1a: elodie|Jirachi|100\/100
|-damage|p1a: elodie|95\/100|[from] Stealth Rock
|turn|18
|choice||
|
|move|p1a: elodie|Thunderbolt|p2a: Suicune
|-supereffective|p2a: Suicune
|-damage|p2a: Suicune|33\/100
|move|p2a: Suicune|Scald|p1a: elodie
|-damage|p1a: elodie|55\/100
|
|-heal|p2a: Suicune|39\/100|[from] item: Leftovers
|turn|19
|choice||
|
|move|p1a: elodie|Thunderbolt|p2a: Suicune
|-supereffective|p2a: Suicune
|-damage|p2a: Suicune|6\/100
|move|p2a: Suicune|Rest|p2a: Suicune
|-status|p2a: Suicune|slp
|-heal|p2a: Suicune|100\/100 slp|[silent]
|-status|p2a: Suicune|slp|[from] move: Rest
|
|turn|20
|choice||
|
|switch|p2a: Quagsire|Quagsire, M|100\/100
|-damage|p2a: Quagsire|94\/100|[from] Stealth Rock
|move|p1a: elodie|Doom Desire|p2a: Quagsire
|-start|p1a: elodie|Doom Desire
|
|-heal|p2a: Quagsire|100\/100|[from] item: Leftovers
|turn|21
|choice||
|
|switch|p1a: damn daniel|Excadrill, F|100\/100
|-damage|p1a: damn daniel|97\/100|[from] Stealth Rock
|-ability|p1a: damn daniel|Mold Breaker
|switch|p2a: Chansey|Chansey, F|81\/100
|-damage|p2a: Chansey|69\/100|[from] Stealth Rock
|
|turn|22
|choice||
|
|switch|p2a: Skarmory|Skarmory, M|66\/100
|-damage|p2a: Skarmory|54\/100|[from] Stealth Rock
|move|p1a: damn daniel|Iron Head|p2a: Skarmory
|-resisted|p2a: Skarmory
|-damage|p2a: Skarmory|41\/100
|-damage|p1a: damn daniel|81\/100|[from] item: Rocky Helmet|[of] p2a: Skarmory
|
|-end|p2a: Skarmory|move: Doom Desire
|-resisted|p2a: Skarmory
|-damage|p2a: Skarmory|0 fnt
|faint|p2a: Skarmory
|choice||
|
|switch|p2a: Sableye|Sableye-Mega, F|100\/100
|-damage|p2a: Sableye|88\/100|[from] Stealth Rock
|turn|23
|choice||
|
|switch|p1a: is|Clefable, F|100\/100
|move|p2a: Sableye|Knock Off|p1a: is
|-resisted|p1a: is
|-damage|p1a: is|87\/100
|-enditem|p1a: is|Leftovers|[from] move: Knock Off|[of] p2a: Sableye
|
|turn|24
|choice||
|
|switch|p1a: damn daniel|Excadrill, F|81\/100
|-damage|p1a: damn daniel|78\/100|[from] Stealth Rock
|-ability|p1a: damn daniel|Mold Breaker
|switch|p2a: Chansey|Chansey, F|69\/100
|-damage|p2a: Chansey|57\/100|[from] Stealth Rock
|
|turn|25
|choice||
|
|switch|p2a: Sableye|Sableye-Mega, F|88\/100
|-damage|p2a: Sableye|76\/100|[from] Stealth Rock
|move|p1a: damn daniel|Iron Head|p2a: Sableye
|-damage|p2a: Sableye|35\/100
|
|turn|26
|choice||
|
|move|p2a: Sableye|Fake Out|p1a: damn daniel
|-resisted|p1a: damn daniel
|-damage|p1a: damn daniel|72\/100
|cant|p1a: damn daniel|flinch
|
|turn|27
|choice||
|
|switch|p1a: elodie|Jirachi|55\/100
|-damage|p1a: elodie|49\/100|[from] Stealth Rock
|switch|p2a: Quagsire|Quagsire, M|100\/100
|-damage|p2a: Quagsire|94\/100|[from] Stealth Rock
|
|-heal|p2a: Quagsire|100\/100|[from] item: Leftovers
|turn|28
|choice||
|
|move|p1a: elodie|Doom Desire|p2a: Quagsire
|-start|p1a: elodie|Doom Desire
|move|p2a: Quagsire|Earthquake|p1a: elodie
|-supereffective|p1a: elodie
|-damage|p1a: elodie|0 fnt
|faint|p1a: elodie
|
|choice||
|
|switch|p1a: damn daniel|Excadrill, F|72\/100
|-damage|p1a: damn daniel|69\/100|[from] Stealth Rock
|-ability|p1a: damn daniel|Mold Breaker
|turn|29
|choice||
|
|move|p1a: damn daniel|Earthquake|p2a: Quagsire
|-damage|p2a: Quagsire|63\/100
|move|p2a: Quagsire|Scald|p1a: damn daniel
|-supereffective|p1a: damn daniel
|-damage|p1a: damn daniel|17\/100
|
|-heal|p2a: Quagsire|69\/100|[from] item: Leftovers
|turn|30
|choice||
|
|move|p1a: damn daniel|Earthquake|p2a: Quagsire
|-damage|p2a: Quagsire|26\/100
|move|p2a: Quagsire|Scald|p1a: damn daniel
|-supereffective|p1a: damn daniel
|-damage|p1a: damn daniel|0 fnt
|faint|p1a: damn daniel
|
|-end|p2a: Quagsire|move: Doom Desire
|-resisted|p2a: Quagsire
|-damage|p2a: Quagsire|0 fnt
|faint|p2a: Quagsire
|choice||
|
|switch|p1a: stupid|Rotom-Wash|99\/100
|switch|p2a: Sableye|Sableye-Mega, F|35\/100
|-damage|p1a: stupid|88\/100|[from] Stealth Rock
|-damage|p2a: Sableye|23\/100|[from] Stealth Rock
|turn|31
|choice||
|
|move|p2a: Sableye|Fake Out|p1a: stupid
|-damage|p1a: stupid|81\/100
|cant|p1a: stupid|flinch
|
|-heal|p1a: stupid|87\/100|[from] item: Leftovers
|turn|32
|choice||
|
|move|p1a: stupid|Hydro Pump|p2a: Sableye
|-damage|p2a: Sableye|0 fnt
|faint|p2a: Sableye
|
|-heal|p1a: stupid|93\/100|[from] item: Leftovers
|choice||
|
|switch|p2a: Chansey|Chansey, F|57\/100
|-damage|p2a: Chansey|44\/100|[from] Stealth Rock
|turn|33
|choice||
|
|move|p1a: stupid|Will-O-Wisp|p2a: Chansey
|-status|p2a: Chansey|brn
|move|p2a: Chansey|Soft-Boiled|p2a: Chansey
|-heal|p2a: Chansey|94\/100 brn
|
|-heal|p1a: stupid|99\/100|[from] item: Leftovers
|-damage|p2a: Chansey|82\/100 brn|[from] brn
|turn|34
|choice||
|
|move|p1a: stupid|Volt Switch|p2a: Chansey
|-damage|p2a: Chansey|74\/100 brn
|choice||
|
|switch|p1a: is|Clefable, F|87\/100
|move|p2a: Chansey|Heal Bell|p2a: Chansey
|-cureteam|p2a: Chansey|[from] move: Heal Bell
|
|turn|35
|choice||
|
|switch|p1a: stupid|Rotom-Wash|99\/100
|-damage|p1a: stupid|87\/100|[from] Stealth Rock
|switch|p2a: Suicune|Suicune|100\/100
|-damage|p2a: Suicune|88\/100|[from] Stealth Rock
|-ability|p2a: Suicune|Pressure
|
|-heal|p1a: stupid|93\/100|[from] item: Leftovers
|-heal|p2a: Suicune|94\/100|[from] item: Leftovers
|turn|36
|choice||
|
|switch|p2a: Chansey|Chansey, F|74\/100
|-damage|p2a: Chansey|61\/100|[from] Stealth Rock
|move|p1a: stupid|Will-O-Wisp|p2a: Chansey
|-status|p2a: Chansey|brn
|
|-heal|p1a: stupid|99\/100|[from] item: Leftovers
|-damage|p2a: Chansey|49\/100 brn|[from] brn
|turn|37
|choice||
|
|move|p1a: stupid|Volt Switch|p2a: Chansey
|-damage|p2a: Chansey|41\/100 brn
|choice||
|
|switch|p1a: is|Clefable, F|87\/100
|move|p2a: Chansey|Soft-Boiled|p2a: Chansey
|-heal|p2a: Chansey|91\/100 brn
|
|-damage|p2a: Chansey|79\/100 brn|[from] brn
|turn|38
|choice||
|
|switch|p1a: stupid|Rotom-Wash|99\/100
|-damage|p1a: stupid|86\/100|[from] Stealth Rock
|-curestatus|p2a: Chansey|brn|[from] ability: Natural Cure
|switch|p2a: Azumarill|Azumarill, F|100\/100
|-damage|p2a: Azumarill|88\/100|[from] Stealth Rock
|
|-heal|p1a: stupid|92\/100|[from] item: Leftovers
|-heal|p2a: Azumarill|94\/100|[from] item: Leftovers
|turn|39
|choice||
|
|move|p1a: stupid|Will-O-Wisp|p2a: Azumarill
|-status|p2a: Azumarill|brn
|move|p2a: Azumarill|Toxic|p1a: stupid
|-status|p1a: stupid|tox
|
|-heal|p1a: stupid|98\/100 tox|[from] item: Leftovers
|-heal|p2a: Azumarill|100\/100 brn|[from] item: Leftovers
|-damage|p1a: stupid|92\/100 tox|[from] psn
|-damage|p2a: Azumarill|88\/100 brn|[from] brn
|turn|40
|choice||
|
|move|p1a: stupid|Volt Switch|p2a: Azumarill
|-supereffective|p2a: Azumarill
|-damage|p2a: Azumarill|48\/100 brn
|choice||
|
|switch|p1a: is|Clefable, F|87\/100
|move|p2a: Azumarill|Rest|p2a: Azumarill
|-status|p2a: Azumarill|slp
|-heal|p2a: Azumarill|100\/100 slp|[silent]
|-status|p2a: Azumarill|slp|[from] move: Rest
|
|turn|41
|c|★notdfficuLt|love shitty stall players who win off hax
|-message|notdfficuLt forfeited.
|
|win|JsKingBoo
|player|p1
|player|p2
|l|notdfficuLt
|raw|notdfficuLt's rating: 1951 &rarr; <strong>1922<\/strong><br \/>(-29 for losing)
|raw|JsKingBoo's rating: 1775 &rarr; <strong>1804<\/strong><br \/>(+29 for winning)</script>
</div>
<div class="battle-log battle-log-inline"><div class="inner"><div class="chat"><small>notdfficuLt joined.</small></div><div class="chat"><small>JsKingBoo joined.</small></div><div style="padding:5px 0"><small>Format:</small> <br><strong>OU</strong></div><div class="rated"><strong>Rated battle</strong></div><div><small><em>Swagger Clause:</em> Swagger is banned</small></div><div><small><em>Baton Pass Clause:</em> Limit one Baton Passer, can't pass Spe and other stats simultaneously</small></div><div><small><em>Sleep Clause Mod:</em> Limit one foe put to sleep</small></div><div><small><em>Species Clause:</em> Limit one of each Pokémon</small></div><div><small><em>OHKO Clause:</em> OHKO moves are banned</small></div><div><small><em>Moody Clause:</em> Moody is banned</small></div><div><small><em>Evasion Moves Clause:</em> Evasion moves are banned</small></div><div><small><em>Endless Battle Clause:</em> Forcing endless battles is banned</small></div><div><small><em>HP Percentage Mod:</em> HP is shown in percentages</small></div><div class="chat"><strong>notdfficuLt's team:</strong> <em style="color:#445566;display:block;">Jirachi / Lopunny / Clefable / Rotom-Wash / Zapdos / Excadrill</em></div><div class="chat"><strong>JsKingBoo's team:</strong> <em style="color:#445566;display:block;">Azumarill / Quagsire / Chansey / Sableye / Skarmory / Suicune</em></div><div>Battle between notdfficuLt and JsKingBoo started!</div><div class="spacer"></div><div>Go! is <small>(Clefable)</small>!</div><div class="spacer"></div><div>JsKingBoo sent out Sableye!</div><h2>Turn 1</h2><div class="spacer"></div><div><small>The opposing Sableye's Sablenite is reacting to JsKingBoo's Mega Bracelet!<br>The opposing Sableye has Mega Evolved into Mega Sableye!</small></div><div class="spacer"></div><div>The opposing Sableye used <strong>Fake Out</strong>!</div><div><small>is lost 7% of its health!</small><br></div><div class="spacer"></div><div>is flinched and couldn't move!</div><div class="spacer"></div><div><small>is restored a little HP using its Leftovers!</small></div><h2>Turn 2</h2><div class="spacer"></div><div>JsKingBoo withdrew Sableye <small>(Sableye-Mega)</small>!</div><div class="spacer"></div><div>JsKingBoo sent out Skarmory!</div><div class="spacer"></div><div>is used <strong>Moonblast</strong>!</div><div><small>It's not very effective... </small><small>The opposing Skarmory lost 21% of its health!</small><br></div><div class="spacer"></div><div><small>is restored a little HP using its Leftovers!</small></div><h2>Turn 3</h2><div class="spacer"></div><div>JsKingBoo withdrew Skarmory!</div><div class="spacer"></div><div>JsKingBoo sent out Chansey!</div><div class="spacer"></div><div>is used <strong>Moonblast</strong>!</div><div><small>The opposing Chansey lost 9% of its health!</small><br></div><div><small>The opposing Chansey's Special Attack fell! </small></div><h2>Turn 4</h2><div class="spacer"></div><div>is used <strong>Stealth Rock</strong>!</div><div><small>Pointed stones float in the air around the opposing team!</small></div><div class="spacer"></div><div>The opposing Chansey used <strong>Stealth Rock</strong>!</div><div><small>Pointed stones float in the air around your team!</small></div><h2>Turn 5</h2><div class="spacer"></div><div>is, come back!</div><div class="spacer"></div><div>Go! yung <small>(Lopunny)</small>!</div><div><small>Pointed stones dug into yung!</small></div><div class="spacer"></div><div>The opposing Chansey used <strong>Seismic Toss</strong>!</div><div><small>yung lost 37% of its health!</small><br></div><h2>Turn 6</h2><div class="spacer"></div><div>JsKingBoo withdrew Chansey!</div><div class="spacer"></div><div>JsKingBoo sent out Skarmory!</div><div><small>Pointed stones dug into the opposing Skarmory!</small></div><div class="spacer"></div><div><small>yung's Lopunnite is reacting to notdfficuLt's Mega Bracelet!<br>yung has Mega Evolved into Mega Lopunny!</small></div><div class="spacer"></div><div>yung used <strong>High Jump Kick</strong>!</div><div><small>The opposing Skarmory avoided the attack!</small></div><div><small>yung kept going and crashed!</small></div><h2>Turn 7</h2><div class="chat chatmessage-notdfficult"><strong style="color:hsl(354,46.86586560000001%,50.86586560000001%);"><small>★</small><span class="username" data-name="notdfficuLt">notdfficuLt</span>:</strong> <em>kek</em></div><div class="spacer"></div><div>yung, come back!</div><div class="spacer"></div><div>Go! stupid <small>(Rotom-Wash)</small>!</div><div><small>Pointed stones dug into stupid!</small></div><div class="spacer"></div><div>The opposing Skarmory used <strong>Defog</strong>!</div><div><small>stupid's evasiveness fell! </small></div><div><small>The pointed stones disappeared from around your team!</small></div><div><small>The pointed stones disappeared from around the opposing team!</small></div><div class="spacer"></div><div><small>stupid restored a little HP using its Leftovers!</small></div><h2>Turn 8</h2><div class="spacer"></div><div>JsKingBoo withdrew Skarmory!</div><div class="spacer"></div><div>JsKingBoo sent out Quagsire!</div><div class="spacer"></div><div>stupid used <strong>Volt Switch</strong>!</div><div><small>It doesn't affect the opposing Quagsire... </small></div><div class="spacer"></div><div><small>stupid restored a little HP using its Leftovers!</small></div><h2>Turn 9</h2><div class="spacer"></div><div>stupid went back to notdfficuLt!</div><div class="spacer"></div><div>Go! is <small>(Clefable)</small>!</div><div class="spacer"></div><div>JsKingBoo withdrew Quagsire!</div><div class="spacer"></div><div>JsKingBoo sent out Chansey!</div><h2>Turn 10</h2><div class="spacer"></div><div>JsKingBoo withdrew Chansey!</div><div class="spacer"></div><div>JsKingBoo sent out Skarmory!</div><div class="spacer"></div><div>is used <strong>Stealth Rock</strong>!</div><div><small>Pointed stones float in the air around the opposing team!</small></div><h2>Turn 11</h2><div class="spacer"></div><div>is, come back!</div><div class="spacer"></div><div>Go! hot <small>(Zapdos)</small>!</div><div><small>[hot's Pressure!]</small></div><div><small>hot is exerting its pressure!</small></div><div class="spacer"></div><div>The opposing Skarmory used <strong>Defog</strong>!</div><div><small>hot's evasiveness fell! </small></div><div><small>The pointed stones disappeared from around the opposing team!</small></div><h2>Turn 12</h2><div class="spacer"></div><div>hot, come back!</div><div class="spacer"></div><div>Go! is <small>(Clefable)</small>!</div><div class="spacer"></div><div>JsKingBoo withdrew Skarmory!</div><div class="spacer"></div><div>JsKingBoo sent out Chansey!</div><h2>Turn 13</h2><div class="spacer"></div><div>is used <strong>Moonblast</strong>!</div><div><small>The opposing Chansey lost 10% of its health!</small><br></div><div class="spacer"></div><div>The opposing Chansey used <strong>Stealth Rock</strong>!</div><div><small>Pointed stones float in the air around your team!</small></div><h2>Turn 14</h2><div class="spacer"></div><div>JsKingBoo withdrew Chansey!</div><div class="spacer"></div><div>JsKingBoo sent out Suicune!</div><div><small>[Opposing Suicune's Pressure!]</small></div><div><small>The opposing Suicune is exerting its pressure!</small></div><div class="spacer"></div><div>is used <strong>Moonblast</strong>!</div><div><small>The opposing Suicune lost 22% of its health!</small><br></div><div class="spacer"></div><div><small>The opposing Suicune restored a little HP using its Leftovers!</small></div><h2>Turn 15</h2><div class="spacer"></div><div>The opposing Suicune used <strong>Calm Mind</strong>!</div><div><small>The opposing Suicune's Special Attack rose! The opposing Suicune's Special Defense rose! </small></div><div class="spacer"></div><div>is used <strong>Stealth Rock</strong>!</div><div><small>Pointed stones float in the air around the opposing team!</small></div><div class="spacer"></div><div><small>The opposing Suicune restored a little HP using its Leftovers!</small></div><h2>Turn 16</h2><div class="spacer"></div><div>is, come back!</div><div class="spacer"></div><div>Go! hot <small>(Zapdos)</small>!</div><div><small>Pointed stones dug into hot!</small></div><div><small>[hot's Pressure!]</small></div><div><small>hot is exerting its pressure!</small></div><div class="spacer"></div><div>The opposing Suicune used <strong>Scald</strong>!</div><div><small>hot lost 39% of its health!</small><br></div><div class="spacer"></div><div><small>hot restored a little HP using its Leftovers!</small></div><div><small>The opposing Suicune restored a little HP using its Leftovers!</small></div><h2>Turn 17</h2><div class="spacer"></div><div>hot used <strong>Discharge</strong>!</div><div><small>It's super effective! </small><small>The opposing Suicune lost 37% of its health!</small><br></div><div class="spacer"></div><div>The opposing Suicune used <strong>Scald</strong>!</div><div><small>hot lost 38% of its health!</small><br></div><div><small>hot was burned!</small></div><div class="spacer"></div><div><small>hot restored a little HP using its Leftovers!</small></div><div><small>The opposing Suicune restored a little HP using its Leftovers!</small></div><div><small>hot was hurt by its burn!</small></div><div class="spacer"></div><div>hot fainted!</div><div class="spacer"></div><div>Go! elodie <small>(Jirachi)</small>!</div><div><small>Pointed stones dug into elodie!</small></div><h2>Turn 18</h2><div class="spacer"></div><div>elodie used <strong>Thunderbolt</strong>!</div><div><small>It's super effective! </small><small>The opposing Suicune lost 34% of its health!</small><br></div><div class="spacer"></div><div>The opposing Suicune used <strong>Scald</strong>!</div><div><small>elodie lost 40% of its health!</small><br></div><div class="spacer"></div><div><small>The opposing Suicune restored a little HP using its Leftovers!</small></div><h2>Turn 19</h2><div class="spacer"></div><div>elodie used <strong>Thunderbolt</strong>!</div><div><small>It's super effective! </small><small>The opposing Suicune lost 33% of its health!</small><br></div><div class="spacer"></div><div>The opposing Suicune used <strong>Rest</strong>!</div><div><small>The opposing Suicune fell asleep!</small></div><div><small>The opposing Suicune slept and became healthy!</small></div><h2>Turn 20</h2><div class="spacer"></div><div>JsKingBoo withdrew Suicune!</div><div class="spacer"></div><div>JsKingBoo sent out Quagsire!</div><div><small>Pointed stones dug into the opposing Quagsire!</small></div><div class="spacer"></div><div>elodie used <strong>Doom Desire</strong>!</div><div><small>elodie chose Doom Desire as its destiny!</small></div><div class="spacer"></div><div><small>The opposing Quagsire restored a little HP using its Leftovers!</small></div><h2>Turn 21</h2><div class="spacer"></div><div>elodie, come back!</div><div class="spacer"></div><div>Go! damn daniel <small>(Excadrill)</small>!</div><div><small>Pointed stones dug into damn daniel!</small></div><div><small>[damn daniel's Mold Breaker!]</small></div><div><small>damn daniel breaks the mold!</small></div><div class="spacer"></div><div>JsKingBoo withdrew Quagsire!</div><div class="spacer"></div><div>JsKingBoo sent out Chansey!</div><div><small>Pointed stones dug into the opposing Chansey!</small></div><h2>Turn 22</h2><div class="spacer"></div><div>JsKingBoo withdrew Chansey!</div><div class="spacer"></div><div>JsKingBoo sent out Skarmory!</div><div><small>Pointed stones dug into the opposing Skarmory!</small></div><div class="spacer"></div><div>damn daniel used <strong>Iron Head</strong>!</div><div><small>It's not very effective... </small><small>The opposing Skarmory lost 13% of its health!</small><br></div><div><small>damn daniel is hurt by the opposing Skarmory's Rocky Helmet!</small></div><div class="spacer"></div><div><small>The opposing Skarmory took the Doom Desire attack!</small></div><div><small>It's not very effective... </small><small>The opposing Skarmory lost 41% of its health!</small><br></div><div class="spacer"></div><div>The opposing Skarmory fainted!</div><div class="spacer"></div><div>JsKingBoo sent out Sableye <small>(Sableye-Mega)</small>!</div><div><small>Pointed stones dug into the opposing Sableye!</small></div><h2>Turn 23</h2><div class="spacer"></div><div>damn daniel, come back!</div><div class="spacer"></div><div>Go! is <small>(Clefable)</small>!</div><div class="spacer"></div><div>The opposing Sableye used <strong>Knock Off</strong>!</div><div><small>It's not very effective... </small><small>is lost 13% of its health!</small><br></div><div><small>The opposing Sableye knocked off is's Leftovers!</small></div><h2>Turn 24</h2><div class="spacer"></div><div>is, come back!</div><div class="spacer"></div><div>Go! damn daniel <small>(Excadrill)</small>!</div><div><small>Pointed stones dug into damn daniel!</small></div><div><small>[damn daniel's Mold Breaker!]</small></div><div><small>damn daniel breaks the mold!</small></div><div class="spacer"></div><div>JsKingBoo withdrew Sableye <small>(Sableye-Mega)</small>!</div><div class="spacer"></div><div>JsKingBoo sent out Chansey!</div><div><small>Pointed stones dug into the opposing Chansey!</small></div><h2>Turn 25</h2><div class="spacer"></div><div>JsKingBoo withdrew Chansey!</div><div class="spacer"></div><div>JsKingBoo sent out Sableye <small>(Sableye-Mega)</small>!</div><div><small>Pointed stones dug into the opposing Sableye!</small></div><div class="spacer"></div><div>damn daniel used <strong>Iron Head</strong>!</div><div><small>The opposing Sableye lost 41% of its health!</small><br></div><h2>Turn 26</h2><div class="spacer"></div><div>The opposing Sableye used <strong>Fake Out</strong>!</div><div><small>It's not very effective... </small><small>damn daniel lost 6% of its health!</small><br></div><div class="spacer"></div><div>damn daniel flinched and couldn't move!</div><h2>Turn 27</h2><div class="spacer"></div><div>damn daniel, come back!</div><div class="spacer"></div><div>Go! elodie <small>(Jirachi)</small>!</div><div><small>Pointed stones dug into elodie!</small></div><div class="spacer"></div><div>JsKingBoo withdrew Sableye <small>(Sableye-Mega)</small>!</div><div class="spacer"></div><div>JsKingBoo sent out Quagsire!</div><div><small>Pointed stones dug into the opposing Quagsire!</small></div><div class="spacer"></div><div><small>The opposing Quagsire restored a little HP using its Leftovers!</small></div><h2>Turn 28</h2><div class="spacer"></div><div>elodie used <strong>Doom Desire</strong>!</div><div><small>elodie chose Doom Desire as its destiny!</small></div><div class="spacer"></div><div>The opposing Quagsire used <strong>Earthquake</strong>!</div><div><small>It's super effective! </small><small>elodie lost 49% of its health!</small><br></div><div class="spacer"></div><div>elodie fainted!</div><div class="spacer"></div><div>Go! damn daniel <small>(Excadrill)</small>!</div><div><small>Pointed stones dug into damn daniel!</small></div><div><small>[damn daniel's Mold Breaker!]</small></div><div><small>damn daniel breaks the mold!</small></div><h2>Turn 29</h2><div class="spacer"></div><div>damn daniel used <strong>Earthquake</strong>!</div><div><small>The opposing Quagsire lost 37% of its health!</small><br></div><div class="spacer"></div><div>The opposing Quagsire used <strong>Scald</strong>!</div><div><small>It's super effective! </small><small>damn daniel lost 52% of its health!</small><br></div><div class="spacer"></div><div><small>The opposing Quagsire restored a little HP using its Leftovers!</small></div><h2>Turn 30</h2><div class="spacer"></div><div>damn daniel used <strong>Earthquake</strong>!</div><div><small>The opposing Quagsire lost 43% of its health!</small><br></div><div class="spacer"></div><div>The opposing Quagsire used <strong>Scald</strong>!</div><div><small>It's super effective! </small><small>damn daniel lost 17% of its health!</small><br></div><div class="spacer"></div><div>damn daniel fainted!</div><div class="spacer"></div><div><small>The opposing Quagsire took the Doom Desire attack!</small></div><div><small>It's not very effective... </small><small>The opposing Quagsire lost 26% of its health!</small><br></div><div class="spacer"></div><div>The opposing Quagsire fainted!</div><div class="spacer"></div><div>Go! stupid <small>(Rotom-Wash)</small>!</div><div class="spacer"></div><div>JsKingBoo sent out Sableye <small>(Sableye-Mega)</small>!</div><div><small>Pointed stones dug into stupid!</small></div><div><small>Pointed stones dug into the opposing Sableye!</small></div><h2>Turn 31</h2><div class="spacer"></div><div>The opposing Sableye used <strong>Fake Out</strong>!</div><div><small>stupid lost 7% of its health!</small><br></div><div class="spacer"></div><div>stupid flinched and couldn't move!</div><div class="spacer"></div><div><small>stupid restored a little HP using its Leftovers!</small></div><h2>Turn 32</h2><div class="spacer"></div><div>stupid used <strong>Hydro Pump</strong>!</div><div><small>The opposing Sableye lost 23% of its health!</small><br></div><div class="spacer"></div><div>The opposing Sableye fainted!</div><div class="spacer"></div><div><small>stupid restored a little HP using its Leftovers!</small></div><div class="spacer"></div><div>JsKingBoo sent out Chansey!</div><div><small>Pointed stones dug into the opposing Chansey!</small></div><h2>Turn 33</h2><div class="spacer"></div><div>stupid used <strong>Will-O-Wisp</strong>!</div><div><small>The opposing Chansey was burned!</small></div><div class="spacer"></div><div>The opposing Chansey used <strong>Soft-Boiled</strong>!</div><div><small>The opposing Chansey restored its HP.</small></div><div class="spacer"></div><div><small>stupid restored a little HP using its Leftovers!</small></div><div><small>The opposing Chansey was hurt by its burn!</small></div><h2>Turn 34</h2><div class="spacer"></div><div>stupid used <strong>Volt Switch</strong>!</div><div><small>The opposing Chansey lost 8% of its health!</small><br></div><div class="spacer"></div><div>stupid went back to notdfficuLt!</div><div class="spacer"></div><div>Go! is <small>(Clefable)</small>!</div><div class="spacer"></div><div>The opposing Chansey used <strong>Heal Bell</strong>!</div><div><small>A bell chimed!</small></div><h2>Turn 35</h2><div class="spacer"></div><div>is, come back!</div><div class="spacer"></div><div>Go! stupid <small>(Rotom-Wash)</small>!</div><div><small>Pointed stones dug into stupid!</small></div><div class="spacer"></div><div>JsKingBoo withdrew Chansey!</div><div class="spacer"></div><div>JsKingBoo sent out Suicune!</div><div><small>Pointed stones dug into the opposing Suicune!</small></div><div><small>[Opposing Suicune's Pressure!]</small></div><div><small>The opposing Suicune is exerting its pressure!</small></div><div class="spacer"></div><div><small>stupid restored a little HP using its Leftovers!</small></div><div><small>The opposing Suicune restored a little HP using its Leftovers!</small></div><h2>Turn 36</h2><div class="spacer"></div><div>JsKingBoo withdrew Suicune!</div><div class="spacer"></div><div>JsKingBoo sent out Chansey!</div><div><small>Pointed stones dug into the opposing Chansey!</small></div><div class="spacer"></div><div>stupid used <strong>Will-O-Wisp</strong>!</div><div><small>The opposing Chansey was burned!</small></div><div class="spacer"></div><div><small>stupid restored a little HP using its Leftovers!</small></div><div><small>The opposing Chansey was hurt by its burn!</small></div><h2>Turn 37</h2><div class="spacer"></div><div>stupid used <strong>Volt Switch</strong>!</div><div><small>The opposing Chansey lost 8% of its health!</small><br></div><div class="spacer"></div><div>stupid went back to notdfficuLt!</div><div class="spacer"></div><div>Go! is <small>(Clefable)</small>!</div><div class="spacer"></div><div>The opposing Chansey used <strong>Soft-Boiled</strong>!</div><div><small>The opposing Chansey restored its HP.</small></div><div class="spacer"></div><div><small>The opposing Chansey was hurt by its burn!</small></div><h2>Turn 38</h2><div class="spacer"></div><div>is, come back!</div><div class="spacer"></div><div>Go! stupid <small>(Rotom-Wash)</small>!</div><div><small>Pointed stones dug into stupid!</small></div><div><small>(The opposing Chansey's Natural Cure activated!)</small></div><div class="spacer"></div><div>JsKingBoo withdrew Chansey!</div><div class="spacer"></div><div>JsKingBoo sent out Azumarill!</div><div><small>Pointed stones dug into the opposing Azumarill!</small></div><div class="spacer"></div><div><small>stupid restored a little HP using its Leftovers!</small></div><div><small>The opposing Azumarill restored a little HP using its Leftovers!</small></div><h2>Turn 39</h2><div class="spacer"></div><div>stupid used <strong>Will-O-Wisp</strong>!</div><div><small>The opposing Azumarill was burned!</small></div><div class="spacer"></div><div>The opposing Azumarill used <strong>Toxic</strong>!</div><div><small>stupid was badly poisoned!</small></div><div class="spacer"></div><div><small>stupid restored a little HP using its Leftovers!</small></div><div><small>The opposing Azumarill restored a little HP using its Leftovers!</small></div><div><small>stupid was hurt by poison!</small></div><div><small>The opposing Azumarill was hurt by its burn!</small></div><h2>Turn 40</h2><div class="spacer"></div><div>stupid used <strong>Volt Switch</strong>!</div><div><small>It's super effective! </small><small>The opposing Azumarill lost 40% of its health!</small><br></div><div class="spacer"></div><div>stupid went back to notdfficuLt!</div><div class="spacer"></div><div>Go! is <small>(Clefable)</small>!</div><div class="spacer"></div><div>The opposing Azumarill used <strong>Rest</strong>!</div><div><small>The opposing Azumarill fell asleep!</small></div><div><small>The opposing Azumarill slept and became healthy!</small></div><h2>Turn 41</h2><div class="chat chatmessage-notdfficult"><strong style="color:hsl(354,46.86586560000001%,50.86586560000001%);"><small>★</small><span class="username" data-name="notdfficuLt">notdfficuLt</span>:</strong> <em>love shitty stall players who win off hax</em></div><div class="spacer"></div><div><small>notdfficuLt forfeited.</small></div><div class="spacer"></div><div>JsKingBoo won the battle!</div><div class="chat"><small>notdfficuLt left.</small></div><div class="chat">notdfficuLt's rating: 1951 → <strong>1922</strong><br>(-29 for losing)</div><div class="chat">JsKingBoo's rating: 1775 → <strong>1804</strong><br>(+29 for winning)</div></div></div>
</div>
<script>
var daily = Math.floor(Date.now()/1000/60/60/24);document.write('<script src="https://play.pokemonshowdown.com/js/replay-embed.js?version'+daily+'"></'+'script>');
</script>
