<!DOCTYPE html>
<meta charset="utf-8" />
<!-- version 1 -->
<title>OU replay: Ktutverde vs. JsKingBoo</title>
<style>
html,body {font-family:Verdana, sans-serif;font-size:10pt;margin:0;padding:0;}body{padding:12px 0;} .battle-log {font-family:Verdana, sans-serif;font-size:10pt;} .battle-log-inline {border:1px solid #AAAAAA;background:#EEF2F5;color:black;max-width:640px;margin:0 auto 80px;padding-bottom:5px;} .battle-log .inner {padding:4px 8px 0px 8px;} .battle-log .inner-preempt {padding:0 8px 4px 8px;} .battle-log .inner-after {margin-top:0.5em;} .battle-log h2 {margin:0.5em -8px;padding:4px 8px;border:1px solid #AAAAAA;background:#E0E7EA;border-left:0;border-right:0;font-family:Verdana, sans-serif;font-size:13pt;} .battle-log .chat {vertical-align:middle;padding:3px 0 3px 0;font-size:8pt;} .battle-log .chat strong {color:#40576A;} .battle-log .chat em {padding:1px 4px 1px 3px;color:#000000;font-style:normal;} .chat.mine {background:rgba(0,0,0,0.05);margin-left:-8px;margin-right:-8px;padding-left:8px;padding-right:8px;} .spoiler {color:#BBBBBB;background:#BBBBBB;padding:0px 3px;} .spoiler:hover, .spoiler:active, .spoiler-shown {color:#000000;background:#E2E2E2;padding:0px 3px;} .spoiler a {color:#BBBBBB;} .spoiler:hover a, .spoiler:active a, .spoiler-shown a {color:#2288CC;} .chat code, .chat .spoiler:hover code, .chat .spoiler:active code, .chat .spoiler-shown code {border:1px solid #C0C0C0;background:#EEEEEE;color:black;padding:0 2px;} .chat .spoiler code {border:1px solid #CCCCCC;background:#CCCCCC;color:#CCCCCC;} .battle-log .rated {padding:3px 4px;} .battle-log .rated strong {color:white;background:#89A;padding:1px 4px;border-radius:4px;} .spacer {margin-top:0.5em;} .message-announce {background:#6688AA;color:white;padding:1px 4px 2px;} .message-announce a, .broadcast-green a, .broadcast-blue a, .broadcast-red a {color:#DDEEFF;} .broadcast-green {background-color:#559955;color:white;padding:2px 4px;} .broadcast-blue {background-color:#6688AA;color:white;padding:2px 4px;} .infobox {border:1px solid #6688AA;padding:2px 4px;} .infobox-limited {max-height:200px;overflow:auto;overflow-x:hidden;} .broadcast-red {background-color:#AA5544;color:white;padding:2px 4px;} .message-learn-canlearn {font-weight:bold;color:#228822;text-decoration:underline;} .message-learn-cannotlearn {font-weight:bold;color:#CC2222;text-decoration:underline;} .message-effect-weak {font-weight:bold;color:#CC2222;} .message-effect-resist {font-weight:bold;color:#6688AA;} .message-effect-immune {font-weight:bold;color:#666666;} .message-learn-list {margin-top:0;margin-bottom:0;} .message-throttle-notice, .message-error {color:#992222;} .message-overflow, .chat small.message-overflow {font-size:0pt;} .message-overflow::before {font-size:9pt;content:'...';} .subtle {color:#3A4A66;}
</style>
<div class="wrapper replay-wrapper" style="max-width:1180px;margin:0 auto">
<input type="hidden" name="replayid" value="ou-371161256" />
<div class="battle"></div><div class="battle-log"></div><div class="replay-controls"></div><div class="replay-controls-2"></div>
<h1 style="font-weight:normal;text-align:center"><strong>OU</strong><br /><a href="http://pokemonshowdown.com/users/ktutverde" class="subtle" target="_blank">Ktutverde</a> vs. <a href="http://pokemonshowdown.com/users/jskingboo" class="subtle" target="_blank">JsKingBoo</a></h1>
<script type="text/plain" class="battle-log-data">|j|Ktutverde
|j|JsKingBoo
|player|p1|Ktutverde|7
|player|p2|JsKingBoo|2
|gametype|singles
|gen|6
|tier|OU
|rated
|seed|
|clearpoke
|poke|p1|Lopunny, M|item
|poke|p1|Dragonite, M|item
|poke|p1|Gengar, F|item
|poke|p1|Jirachi|item
|poke|p1|Mew|item
|poke|p1|Lucario, M|item
|poke|p2|Azumarill, M|item
|poke|p2|Quagsire, F|item
|poke|p2|Chansey, F|item
|poke|p2|Sableye, F|item
|poke|p2|Skarmory, F|item
|poke|p2|Suicune|item
|rule|Swagger Clause: Swagger is banned
|rule|Baton Pass Clause: Limit one Baton Passer, can't pass Spe and other stats simultaneously
|rule|Sleep Clause Mod: Limit one foe put to sleep
|rule|Species Clause: Limit one of each Pokémon
|rule|OHKO Clause: OHKO moves are banned
|rule|Moody Clause: Moody is banned
|rule|Evasion Moves Clause: Evasion moves are banned
|rule|Endless Battle Clause: Forcing endless battles is banned
|rule|HP Percentage Mod: HP is shown in percentages
|teampreview
|choice||
|
|start
|switch|p1a: Lopunny|Lopunny, M|100\/100
|switch|p2a: Sableye|Sableye, F|100\/100
|turn|1
|choice||
|
|detailschange|p1a: Lopunny|Lopunny-Mega, M
|-mega|p1a: Lopunny|Lopunny|Lopunnite
|move|p1a: Lopunny|Fake Out|p2a: Sableye
|-damage|p2a: Sableye|72\/100
|cant|p2a: Sableye|flinch
|
|turn|2
|choice||
|
|detailschange|p2a: Sableye|Sableye-Mega, F
|-mega|p2a: Sableye|Sableye|Sablenite
|move|p2a: Sableye|Will-O-Wisp|p1a: Lopunny|[miss]
|-miss|p2a: Sableye|p1a: Lopunny
|move|p1a: Lopunny|High Jump Kick|p2a: Sableye
|-supereffective|p2a: Sableye
|-damage|p2a: Sableye|0 fnt
|faint|p2a: Sableye
|
|-message|JsKingBoo forfeited.
|
|win|Ktutverde
|player|p1
|player|p2
|l|JsKingBoo
|c|★Ktutverde|lol sry
|raw|Ktutverde's rating: 1734 &rarr; <strong>1755<\/strong><br \/>(+21 for winning)
|raw|JsKingBoo's rating: 1750 &rarr; <strong>1729<\/strong><br \/>(-21 for losing)</script>
</div>
<div class="battle-log battle-log-inline"><div class="inner"><div class="chat"><small>Ktutverde joined.</small></div><div class="chat"><small>JsKingBoo joined.</small></div><div style="padding:5px 0"><small>Format:</small> <br><strong>OU</strong></div><div class="rated"><strong>Rated battle</strong></div><div><small><em>Swagger Clause:</em> Swagger is banned</small></div><div><small><em>Baton Pass Clause:</em> Limit one Baton Passer, can't pass Spe and other stats simultaneously</small></div><div><small><em>Sleep Clause Mod:</em> Limit one foe put to sleep</small></div><div><small><em>Species Clause:</em> Limit one of each Pokémon</small></div><div><small><em>OHKO Clause:</em> OHKO moves are banned</small></div><div><small><em>Moody Clause:</em> Moody is banned</small></div><div><small><em>Evasion Moves Clause:</em> Evasion moves are banned</small></div><div><small><em>Endless Battle Clause:</em> Forcing endless battles is banned</small></div><div><small><em>HP Percentage Mod:</em> HP is shown in percentages</small></div><div class="chat"><strong>Ktutverde's team:</strong> <em style="color:#445566;display:block;">Lopunny / Dragonite / Gengar / Jirachi / Mew / Lucario</em></div><div class="chat"><strong>JsKingBoo's team:</strong> <em style="color:#445566;display:block;">Azumarill / Quagsire / Chansey / Sableye / Skarmory / Suicune</em></div><div>Battle between Ktutverde and JsKingBoo started!</div><div class="spacer"></div><div>Go! Lopunny!</div><div class="spacer"></div><div>JsKingBoo sent out Sableye!</div><h2>Turn 1</h2><div class="spacer"></div><div><small>Lopunny's Lopunnite is reacting to Ktutverde's Mega Bracelet!<br>Lopunny has Mega Evolved into Mega Lopunny!</small></div><div class="spacer"></div><div>Lopunny used <strong>Fake Out</strong>!</div><div><small>The opposing Sableye lost 28% of its health!</small><br></div><div class="spacer"></div><div>The opposing Sableye flinched and couldn't move!</div><h2>Turn 2</h2><div class="spacer"></div><div><small>The opposing Sableye's Sablenite is reacting to JsKingBoo's Mega Bracelet!<br>The opposing Sableye has Mega Evolved into Mega Sableye!</small></div><div class="spacer"></div><div>The opposing Sableye used <strong>Will-O-Wisp</strong>!</div><div><small>Lopunny avoided the attack!</small></div><div class="spacer"></div><div>Lopunny used <strong>High Jump Kick</strong>!</div><div><small>It's super effective! </small><small>The opposing Sableye lost 72% of its health!</small><br></div><div class="spacer"></div><div>The opposing Sableye fainted!</div><div class="spacer"></div><div><small>JsKingBoo forfeited.</small></div><div class="spacer"></div><div>Ktutverde won the battle!</div><div class="chat"><small>JsKingBoo left.</small></div><div class="chat chatmessage-ktutverde"><strong style="color:hsl(292,53.888489600000014%,50.888489600000014%);"><small>★</small><span class="username" data-name="Ktutverde">Ktutverde</span>:</strong> <em>lol sry</em></div><div class="chat">Ktutverde's rating: 1734 → <strong>1755</strong><br>(+21 for winning)</div><div class="chat">JsKingBoo's rating: 1750 → <strong>1729</strong><br>(-21 for losing)</div></div></div>
</div>
<script>
var daily = Math.floor(Date.now()/1000/60/60/24);document.write('<script src="https://play.pokemonshowdown.com/js/replay-embed.js?version'+daily+'"></'+'script>');
</script>
