<!DOCTYPE html>
<meta charset="utf-8" />
<!-- version 1 -->
<title>OU replay: OUmodsRfags vs. Noobab</title>
<style>
html,body {font-family:Verdana, sans-serif;font-size:10pt;margin:0;padding:0;}body{padding:12px 0;} .battle-log {font-family:Verdana, sans-serif;font-size:10pt;} .battle-log-inline {border:1px solid #AAAAAA;background:#EEF2F5;color:black;max-width:640px;margin:0 auto 80px;padding-bottom:5px;} .battle-log .inner {padding:4px 8px 0px 8px;} .battle-log .inner-preempt {padding:0 8px 4px 8px;} .battle-log .inner-after {margin-top:0.5em;} .battle-log h2 {margin:0.5em -8px;padding:4px 8px;border:1px solid #AAAAAA;background:#E0E7EA;border-left:0;border-right:0;font-family:Verdana, sans-serif;font-size:13pt;} .battle-log .chat {vertical-align:middle;padding:3px 0 3px 0;font-size:8pt;} .battle-log .chat strong {color:#40576A;} .battle-log .chat em {padding:1px 4px 1px 3px;color:#000000;font-style:normal;} .chat.mine {background:rgba(0,0,0,0.05);margin-left:-8px;margin-right:-8px;padding-left:8px;padding-right:8px;} .spoiler {color:#BBBBBB;background:#BBBBBB;padding:0px 3px;} .spoiler:hover, .spoiler:active, .spoiler-shown {color:#000000;background:#E2E2E2;padding:0px 3px;} .spoiler a {color:#BBBBBB;} .spoiler:hover a, .spoiler:active a, .spoiler-shown a {color:#2288CC;} .chat code, .chat .spoiler:hover code, .chat .spoiler:active code, .chat .spoiler-shown code {border:1px solid #C0C0C0;background:#EEEEEE;color:black;padding:0 2px;} .chat .spoiler code {border:1px solid #CCCCCC;background:#CCCCCC;color:#CCCCCC;} .battle-log .rated {padding:3px 4px;} .battle-log .rated strong {color:white;background:#89A;padding:1px 4px;border-radius:4px;} .spacer {margin-top:0.5em;} .message-announce {background:#6688AA;color:white;padding:1px 4px 2px;} .message-announce a, .broadcast-green a, .broadcast-blue a, .broadcast-red a {color:#DDEEFF;} .broadcast-green {background-color:#559955;color:white;padding:2px 4px;} .broadcast-blue {background-color:#6688AA;color:white;padding:2px 4px;} .infobox {border:1px solid #6688AA;padding:2px 4px;} .infobox-limited {max-height:200px;overflow:auto;overflow-x:hidden;} .broadcast-red {background-color:#AA5544;color:white;padding:2px 4px;} .message-learn-canlearn {font-weight:bold;color:#228822;text-decoration:underline;} .message-learn-cannotlearn {font-weight:bold;color:#CC2222;text-decoration:underline;} .message-effect-weak {font-weight:bold;color:#CC2222;} .message-effect-resist {font-weight:bold;color:#6688AA;} .message-effect-immune {font-weight:bold;color:#666666;} .message-learn-list {margin-top:0;margin-bottom:0;} .message-throttle-notice, .message-error {color:#992222;} .message-overflow, .chat small.message-overflow {font-size:0pt;} .message-overflow::before {font-size:9pt;content:'...';} .subtle {color:#3A4A66;}
</style>
<div class="wrapper replay-wrapper" style="max-width:1180px;margin:0 auto">
<input type="hidden" name="replayid" value="ou-442284768" />
<div class="battle"></div><div class="battle-log"></div><div class="replay-controls"></div><div class="replay-controls-2"></div>
<h1 style="font-weight:normal;text-align:center"><strong>OU</strong><br /><a href="http://pokemonshowdown.com/users/oumodsrfags" class="subtle" target="_blank">OUmodsRfags</a> vs. <a href="http://pokemonshowdown.com/users/noobab" class="subtle" target="_blank">Noobab</a></h1>
<script type="text/plain" class="battle-log-data">|j|OUmodsRfags
|j|Noobab
|player|p1|OUmodsRfags|10
|player|p2|Noobab|210
|gametype|singles
|gen|6
|tier|OU
|rated
|seed|
|clearpoke
|poke|p1|Chansey, F|item
|poke|p1|Quagsire, F, shiny|item
|poke|p1|Alomomola, F, shiny|item
|poke|p1|Amoonguss, M|item
|poke|p1|Sableye, M|item
|poke|p1|Skarmory, F, shiny|item
|poke|p2|Chansey, F, shiny|item
|poke|p2|Skarmory, F, shiny|item
|poke|p2|Sableye, M, shiny|item
|poke|p2|Clefable, M, shiny|item
|poke|p2|Quagsire, F, shiny|item
|poke|p2|Zapdos, shiny|item
|rule|Swagger Clause: Swagger is banned
|rule|Baton Pass Clause: Limit one Baton Passer, can't pass Spe and other stats simultaneously
|rule|Sleep Clause Mod: Limit one foe put to sleep
|rule|Species Clause: Limit one of each Pokémon
|rule|OHKO Clause: OHKO moves are banned
|rule|Moody Clause: Moody is banned
|rule|Evasion Moves Clause: Evasion moves are banned
|rule|Endless Battle Clause: Forcing endless battles is banned
|rule|HP Percentage Mod: HP is shown in percentages
|teampreview
|c|★Noobab|oh shit
|c|★Noobab|here we go
|c|★Noobab|i like this a lot
|c|★Noobab|good thing i carried hp grass on zapdos for these occasions
|choice||
|
|start
|switch|p1a: Sableye|Sableye, M|100\/100
|switch|p2a: Creepy Mofo|Sableye, M, shiny|100\/100
|turn|1
|j|grapezzzz19
|choice||
|
|detailschange|p2a: Creepy Mofo|Sableye-Mega, M, shiny
|-mega|p2a: Creepy Mofo|Sableye|Sablenite
|detailschange|p1a: Sableye|Sableye-Mega, M
|-mega|p1a: Sableye|Sableye|Sablenite
|move|p2a: Creepy Mofo|Knock Off|p1a: Sableye
|-damage|p1a: Sableye|86\/100
|move|p1a: Sableye|Knock Off|p2a: Creepy Mofo
|-damage|p2a: Creepy Mofo|83\/100
|
|turn|2
|choice||
|
|switch|p1a: Skarmory|Skarmory, F, shiny|100\/100
|move|p2a: Creepy Mofo|Knock Off|p1a: Skarmory
|-crit|p1a: Skarmory
|-damage|p1a: Skarmory|66\/100
|-enditem|p1a: Skarmory|Shed Shell|[from] move: Knock Off|[of] p2a: Creepy Mofo
|
|turn|3
|choice||
|
|switch|p1a: Sableye|Sableye-Mega, M|86\/100
|move|p2a: Creepy Mofo|Knock Off|p1a: Sableye
|-damage|p1a: Sableye|72\/100
|
|turn|4
|choice||
|
|switch|p2a: King Zappy|Zapdos, shiny|100\/100
|move|p1a: Sableye|Knock Off|p2a: King Zappy
|-damage|p2a: King Zappy|69\/100
|-status|p1a: Sableye|par|[from] ability: Static|[of] p2a: King Zappy
|-enditem|p2a: King Zappy|Leftovers|[from] move: Knock Off|[of] p1a: Sableye
|
|turn|5
|choice||
|
|switch|p1a: Chansey|Chansey, F|100\/100
|move|p2a: King Zappy|Rest|p2a: King Zappy
|-status|p2a: King Zappy|slp
|-heal|p2a: King Zappy|100\/100 slp|[silent]
|-status|p2a: King Zappy|slp|[from] move: Rest
|
|turn|6
|choice||
|
|switch|p2a: Creepy Mofo|Sableye-Mega, M, shiny|83\/100
|move|p1a: Chansey|Heal Bell|p1a: Chansey
|-activate|p1a: Chansey|move: Heal Bell
|-curestatus|p1: Sableye|par|[msg]
|
|turn|7
|choice||
|
|switch|p1a: Sableye|Sableye-Mega, M|72\/100
|switch|p2a: King Zappy|Zapdos, shiny|100\/100 slp
|
|turn|8
|choice||
|
|switch|p1a: Amoonguss|Amoonguss, M|100\/100
|cant|p2a: King Zappy|slp
|
|turn|9
|choice||
|
|switch|p2a: Bad Ass the 3rd|Skarmory, F, shiny|100\/100
|switch|p1a: Chansey|Chansey, F|100\/100
|
|turn|10
|choice||
|
|switch|p2a: Creepy Mofo|Sableye-Mega, M, shiny|83\/100
|switch|p1a: Sableye|Sableye-Mega, M|72\/100
|
|turn|11
|choice||
|
|switch|p2a: Bad Ass the 3rd|Skarmory, F, shiny|100\/100
|move|p1a: Sableye|Recover|p1a: Sableye
|-heal|p1a: Sableye|100\/100
|
|turn|12
|choice||
|
|switch|p2a: King Zappy|Zapdos, shiny|100\/100 slp
|switch|p1a: Skarmory|Skarmory, F, shiny|66\/100
|
|turn|13
|choice||
|
|switch|p2a: Bad Ass the 3rd|Skarmory, F, shiny|100\/100
|switch|p1a: Amoonguss|Amoonguss, M|100\/100
|
|turn|14
|choice||
|
|switch|p2a: King Zappy|Zapdos, shiny|100\/100 slp
|switch|p1a: Skarmory|Skarmory, F, shiny|66\/100
|
|turn|15
|j|Hadak Ura
|choice||
|
|switch|p2a: Bad Ass the 3rd|Skarmory, F, shiny|100\/100
|switch|p1a: Amoonguss|Amoonguss, M|100\/100
|
|turn|16
|l|Hadak Ura
|choice||
|
|switch|p2a: King Zappy|Zapdos, shiny|100\/100 slp
|switch|p1a: Sableye|Sableye-Mega, M|100\/100
|
|turn|17
|choice||
|
|cant|p2a: King Zappy|slp
|move|p1a: Sableye|Knock Off|p2a: King Zappy
|-damage|p2a: King Zappy|81\/100 slp
|
|turn|18
|choice||
|
|switch|p1a: Amoonguss|Amoonguss, M|100\/100
|-curestatus|p2a: King Zappy|slp|[msg]
|move|p2a: King Zappy|Volt Switch|p1a: Amoonguss
|-resisted|p1a: Amoonguss
|-damage|p1a: Amoonguss|91\/100
|choice||
|
|switch|p2a: Creepy Mofo|Sableye-Mega, M, shiny|83\/100
|
|turn|19
|choice||
|
|switch|p1a: Skarmory|Skarmory, F, shiny|66\/100
|switch|p2a: King Zappy|Zapdos, shiny|81\/100
|
|turn|20
|choice||
|
|switch|p2a: Creepy Mofo|Sableye-Mega, M, shiny|83\/100
|switch|p1a: Amoonguss|Amoonguss, M|100\/100
|
|turn|21
|choice||
|
|switch|p1a: Sableye|Sableye-Mega, M|100\/100
|switch|p2a: King Zappy|Zapdos, shiny|81\/100
|
|turn|22
|choice||
|
|switch|p2a: Creepy Mofo|Sableye-Mega, M, shiny|83\/100
|switch|p1a: Amoonguss|Amoonguss, M|100\/100
|
|turn|23
|choice||
|
|switch|p1a: Sableye|Sableye-Mega, M|100\/100
|switch|p2a: King Zappy|Zapdos, shiny|81\/100
|
|turn|24
|choice||
|
|switch|p1a: Amoonguss|Amoonguss, M|100\/100
|move|p2a: King Zappy|Volt Switch|p1a: Amoonguss
|-resisted|p1a: Amoonguss
|-damage|p1a: Amoonguss|91\/100
|choice||
|
|switch|p2a: I'm Lazy AF|Quagsire, F, shiny|100\/100
|
|turn|25
|l|grapezzzz19
|choice||
|
|switch|p2a: King Zappy|Zapdos, shiny|81\/100
|switch|p1a: Chansey|Chansey, F|100\/100
|
|turn|26
|choice||
|
|switch|p2a: Creepy Mofo|Sableye-Mega, M, shiny|83\/100
|switch|p1a: Amoonguss|Amoonguss, M|100\/100
|
|turn|27
|choice||
|
|switch|p1a: Sableye|Sableye-Mega, M|100\/100
|switch|p2a: King Zappy|Zapdos, shiny|81\/100
|
|turn|28
|choice||
|
|switch|p2a: Creepy Mofo|Sableye-Mega, M, shiny|83\/100
|switch|p1a: Amoonguss|Amoonguss, M|100\/100
|
|turn|29
|choice||
|
|switch|p1a: Sableye|Sableye-Mega, M|100\/100
|move|p2a: Creepy Mofo|Knock Off|p1a: Sableye
|-damage|p1a: Sableye|86\/100
|
|turn|30
|choice||
|
|switch|p2a: King Zappy|Zapdos, shiny|81\/100
|switch|p1a: Skarmory|Skarmory, F, shiny|66\/100
|
|turn|31
|choice||
|
|switch|p2a: Creepy Mofo|Sableye-Mega, M, shiny|83\/100
|switch|p1a: Amoonguss|Amoonguss, M|100\/100
|
|turn|32
|choice||
|
|switch|p1a: Skarmory|Skarmory, F, shiny|66\/100
|switch|p2a: King Zappy|Zapdos, shiny|81\/100
|
|turn|33
|choice||
|
|switch|p2a: Creepy Mofo|Sableye-Mega, M, shiny|83\/100
|switch|p1a: Amoonguss|Amoonguss, M|100\/100
|
|turn|34
|j|MSK545454545
|choice||
|
|switch|p1a: Skarmory|Skarmory, F, shiny|66\/100
|switch|p2a: King Zappy|Zapdos, shiny|81\/100
|
|turn|35
|c|★Noobab|so far nothing has been done
|choice||
|
|switch|p2a: Creepy Mofo|Sableye-Mega, M, shiny|83\/100
|switch|p1a: Amoonguss|Amoonguss, M|100\/100
|
|turn|36
|choice||
|
|switch|p1a: Skarmory|Skarmory, F, shiny|66\/100
|switch|p2a: King Zappy|Zapdos, shiny|81\/100
|
|turn|37
|c|★Noobab|where u sitting on the ladder anyways?
|choice||
|
|switch|p2a: Creepy Mofo|Sableye-Mega, M, shiny|83\/100
|switch|p1a: Amoonguss|Amoonguss, M|100\/100
|
|turn|38
|j|Kozilek's Thrall
|c| Kozilek's Thrall|bruh
|c| MSK545454545|wow
|c| MSK545454545|this is sad
|c| Kozilek's Thrall|TURN ON THE TIMER
|c| MSK545454545|attack already
|choice||
|
|switch|p1a: Skarmory|Skarmory, F, shiny|66\/100
|switch|p2a: King Zappy|Zapdos, shiny|81\/100
|
|turn|39
|c|★Noobab|it is
|c| Kozilek's Thrall|dude
|choice||
|
|switch|p1a: Amoonguss|Amoonguss, M|100\/100
|move|p2a: King Zappy|Volt Switch|p1a: Amoonguss
|-resisted|p1a: Amoonguss
|-damage|p1a: Amoonguss|92\/100
|choice||
|
|switch|p2a: I'm Lazy AF|Quagsire, F, shiny|100\/100
|
|turn|40
|choice||
|
|switch|p2a: King Zappy|Zapdos, shiny|81\/100
|switch|p1a: Chansey|Chansey, F|100\/100
|
|turn|41
|c| Kozilek's Thrall|nice stall team
|choice||
|
|switch|p2a: Creepy Mofo|Sableye-Mega, M, shiny|83\/100
|switch|p1a: Amoonguss|Amoonguss, M|100\/100
|
|turn|42
|c|★Noobab|i ran into this guy
|choice||
|
|switch|p1a: Skarmory|Skarmory, F, shiny|66\/100
|switch|p2a: King Zappy|Zapdos, shiny|81\/100
|
|turn|43
|choice||
|
|switch|p1a: Amoonguss|Amoonguss, M|100\/100
|move|p2a: King Zappy|Heat Wave|p1a: Amoonguss
|-supereffective|p1a: Amoonguss
|-damage|p1a: Amoonguss|68\/100
|
|turn|44
|choice||
|
|switch|p2a: Creepy Mofo|Sableye-Mega, M, shiny|83\/100
|switch|p1a: Chansey|Chansey, F|100\/100
|
|turn|45
|j|Silent Empoleon
|choice||
|
|switch|p1a: Skarmory|Skarmory, F, shiny|66\/100
|switch|p2a: King Zappy|Zapdos, shiny|81\/100
|
|turn|46
|l|Silent Empoleon
|j|Silent Empoleon
|choice||
|
|switch|p2a: Creepy Mofo|Sableye-Mega, M, shiny|83\/100
|switch|p1a: Amoonguss|Amoonguss, M|100\/100
|
|turn|47
|l|Silent Empoleon
|j|imahugedork
|j|tabl
|choice||
|
|switch|p1a: Skarmory|Skarmory, F, shiny|66\/100
|switch|p2a: King Zappy|Zapdos, shiny|81\/100
|
|turn|48
|choice||
|
|switch|p2a: Creepy Mofo|Sableye-Mega, M, shiny|83\/100
|switch|p1a: Amoonguss|Amoonguss, M|100\/100
|
|turn|49
|choice||
|
|switch|p1a: Skarmory|Skarmory, F, shiny|66\/100
|switch|p2a: King Zappy|Zapdos, shiny|81\/100
|
|turn|50
|choice||
|
|switch|p2a: Creepy Mofo|Sableye-Mega, M, shiny|83\/100
|switch|p1a: Amoonguss|Amoonguss, M|100\/100
|
|turn|51
|c| lonkers|um
|choice||
|
|switch|p1a: Skarmory|Skarmory, F, shiny|66\/100
|switch|p2a: King Zappy|Zapdos, shiny|81\/100
|
|turn|52
|c| lonkers|what are3 you even doing
|c|★Noobab|if he does not attack
|c|★Noobab|i will not too
|choice||
|
|switch|p2a: Creepy Mofo|Sableye-Mega, M, shiny|83\/100
|switch|p1a: Amoonguss|Amoonguss, M|100\/100
|
|turn|53
|c| lonkers|just attack
|c| lonkers|youll win eventually
|choice||
|
|switch|p1a: Skarmory|Skarmory, F, shiny|66\/100
|switch|p2a: King Zappy|Zapdos, shiny|81\/100
|
|turn|54
|c|★Noobab|i need to pp stall this guy
|c|★Noobab|i cannot afford to waste my pps
|choice||
|
|switch|p2a: Bad Ass the 3rd|Skarmory, F, shiny|100\/100
|switch|p1a: Amoonguss|Amoonguss, M|100\/100
|
|turn|55
|choice||
|
|switch|p2a: King Zappy|Zapdos, shiny|81\/100
|switch|p1a: Sableye|Sableye-Mega, M|86\/100
|
|turn|56
|c| tabl|Replays only last to 327 turns
|choice||
|
|switch|p2a: Creepy Mofo|Sableye-Mega, M, shiny|83\/100
|switch|p1a: Amoonguss|Amoonguss, M|100\/100
|
|turn|57
|c|★Noobab|indeed
|c| tabl|so you can give up on making the longest replay
|c|★Noobab|who needs the replays anyways
|choice||
|
|switch|p1a: Skarmory|Skarmory, F, shiny|66\/100
|switch|p2a: King Zappy|Zapdos, shiny|81\/100
|
|turn|58
|c| tabl|tru
|choice||
|
|switch|p2a: Bad Ass the 3rd|Skarmory, F, shiny|100\/100
|switch|p1a: Amoonguss|Amoonguss, M|100\/100
|
|turn|59
|c| lonkers|this isnt even funny or cool
|choice||
|
|switch|p2a: Creepy Mofo|Sableye-Mega, M, shiny|83\/100
|switch|p1a: Sableye|Sableye-Mega, M|86\/100
|
|turn|60
|c| lonkers|why would anyone replay this lol
|choice||
|
|switch|p2a: King Zappy|Zapdos, shiny|81\/100
|switch|p1a: Skarmory|Skarmory, F, shiny|66\/100
|
|turn|61
|c|★Noobab|this is fucked
|choice||
|
|switch|p1a: Amoonguss|Amoonguss, M|100\/100
|move|p2a: King Zappy|Heat Wave|p1a: Amoonguss
|-supereffective|p1a: Amoonguss
|-crit|p1a: Amoonguss
|-damage|p1a: Amoonguss|53\/100
|
|turn|62
|c| tabl|then why would you link this lonkers...
|choice||
|
|switch|p1a: Chansey|Chansey, F|100\/100
|move|p2a: King Zappy|Volt Switch|p1a: Chansey
|-damage|p1a: Chansey|91\/100
|c| lonkers|idk
|choice||
|
|switch|p2a: Creepy Mofo|Sableye-Mega, M, shiny|83\/100
|
|turn|63
|choice||
|
|switch|p1a: Sableye|Sableye-Mega, M|86\/100
|switch|p2a: King Zappy|Zapdos, shiny|81\/100
|
|turn|64
|choice||
|
|switch|p2a: Creepy Mofo|Sableye-Mega, M, shiny|83\/100
|switch|p1a: Amoonguss|Amoonguss, M|86\/100
|
|turn|65
|c| lonkers|i just really hate stall teams in any format\
|choice||
|
|switch|p1a: Sableye|Sableye-Mega, M|86\/100
|switch|p2a: King Zappy|Zapdos, shiny|81\/100
|
|turn|66
|c| lonkers|especially ou and bh
|choice||
|
|switch|p2a: Creepy Mofo|Sableye-Mega, M, shiny|83\/100
|switch|p1a: Amoonguss|Amoonguss, M|100\/100
|
|turn|67
|choice||
|
|switch|p1a: Skarmory|Skarmory, F, shiny|66\/100
|switch|p2a: King Zappy|Zapdos, shiny|81\/100
|
|turn|68
|choice||
|
|switch|p2a: Creepy Mofo|Sableye-Mega, M, shiny|83\/100
|switch|p1a: Amoonguss|Amoonguss, M|100\/100
|
|turn|69
|choice||
|
|switch|p1a: Skarmory|Skarmory, F, shiny|66\/100
|switch|p2a: King Zappy|Zapdos, shiny|81\/100
|
|turn|70
|choice||
|
|switch|p2a: Creepy Mofo|Sableye-Mega, M, shiny|83\/100
|switch|p1a: Chansey|Chansey, F|91\/100
|
|turn|71
|c|★Noobab|im studying at the same time though
|choice||
|
|switch|p1a: Sableye|Sableye-Mega, M|86\/100
|switch|p2a: Bad Ass the 3rd|Skarmory, F, shiny|100\/100
|
|turn|72
|c|★Noobab|learning about crohn's disease atm
|c| tabl|I'm studying for a biology test
|choice||
|
|switch|p2a: King Zappy|Zapdos, shiny|81\/100
|move|p1a: Sableye|Knock Off|p2a: King Zappy
|-damage|p2a: King Zappy|62\/100
|
|turn|73
|c|★Noobab|what?
|choice||
|
|switch|p1a: Amoonguss|Amoonguss, M|100\/100
|move|p2a: King Zappy|Rest|p2a: King Zappy
|-status|p2a: King Zappy|slp
|-heal|p2a: King Zappy|100\/100 slp|[silent]
|-status|p2a: King Zappy|slp|[from] move: Rest
|
|turn|74
|c| tabl|I will stay up until 11:00
|c|★Noobab|i have a degree already man
|c|★Noobab|this is my second degree im studying for
|c| tabl|you're past college?
|choice||
|
|switch|p1a: Chansey|Chansey, F|91\/100
|cant|p2a: King Zappy|slp
|
|turn|75
|c| tabl|lol what is a college student doing on PS
|c| lonkers|why not
|c| lonkers|everyone loves pokemon
|c|★Noobab|i was brought up playing pokemon
|choice||
|
|switch|p1a: Amoonguss|Amoonguss, M|100\/100
|cant|p2a: King Zappy|slp
|
|turn|76
|choice||
|
|switch|p2a: Creepy Mofo|Sableye-Mega, M, shiny|83\/100
|switch|p1a: Chansey|Chansey, F|91\/100
|
|turn|77
|choice||
|
|switch|p1a: Sableye|Sableye-Mega, M|86\/100
|switch|p2a: Bad Ass the 3rd|Skarmory, F, shiny|100\/100
|
|turn|78
|choice||
|
|switch|p2a: King Zappy|Zapdos, shiny|100\/100 slp
|move|p1a: Sableye|Toxic|p2a: King Zappy
|-fail|p2a: King Zappy
|
|turn|79
|c|★Noobab|toxic?
|c|★Noobab|hmmmm
|choice||
|
|switch|p2a: Creepy Mofo|Sableye-Mega, M, shiny|83\/100
|switch|p1a: Amoonguss|Amoonguss, M|100\/100
|
|turn|80
|choice||
|
|switch|p1a: Sableye|Sableye-Mega, M|86\/100
|switch|p2a: King Zappy|Zapdos, shiny|100\/100 slp
|
|turn|81
|choice||
|
|switch|p2a: Creepy Mofo|Sableye-Mega, M, shiny|83\/100
|switch|p1a: Amoonguss|Amoonguss, M|100\/100
|
|turn|82
|c|★Noobab|any of u guys got a degree yet? if so where did u study?
|choice||
|
|switch|p1a: Skarmory|Skarmory, F, shiny|66\/100
|switch|p2a: King Zappy|Zapdos, shiny|100\/100 slp
|
|turn|83
|c|★Noobab|im from australia
|choice||
|
|switch|p2a: Bad Ass the 3rd|Skarmory, F, shiny|100\/100
|move|p1a: Skarmory|Roost|p1a: Skarmory
|-heal|p1a: Skarmory|100\/100
|
|turn|84
|c|★Noobab|Down Under
|choice||
|
|switch|p2a: King Zappy|Zapdos, shiny|100\/100 slp
|switch|p1a: Sableye|Sableye-Mega, M|86\/100
|
|turn|85
|c|★Noobab|fucking crikey
|choice||
|
|switch|p2a: Creepy Mofo|Sableye-Mega, M, shiny|83\/100
|switch|p1a: Amoonguss|Amoonguss, M|100\/100
|
|turn|86
|choice||
|
|switch|p1a: Sableye|Sableye-Mega, M|86\/100
|switch|p2a: King Zappy|Zapdos, shiny|100\/100 slp
|
|turn|87
|c| lonkers|nah not me yet
|c| tabl|I have no degree
|choice||
|
|switch|p2a: Creepy Mofo|Sableye-Mega, M, shiny|83\/100
|switch|p1a: Amoonguss|Amoonguss, M|100\/100
|
|turn|88
|c|★Noobab|oh ok
|c|★Noobab|where u from?
|c| tabl|I'm a table
|c| lonkers|Noobab i think we have the same color
|c| tabl|I come from the Amazon
|c| lonkers|lol
|c|★Noobab|Indeed
|c| lonkers|im Kozilek's Thrall btw
|c| tabl|was chopped up by some old haggard dude with a beard
|c| lonkers|this is my alt
|choice||
|
|switch|p1a: Sableye|Sableye-Mega, M|86\/100
|switch|p2a: King Zappy|Zapdos, shiny|100\/100 slp
|
|turn|89
|choice||
|
|switch|p2a: Creepy Mofo|Sableye-Mega, M, shiny|83\/100
|switch|p1a: Amoonguss|Amoonguss, M|100\/100
|
|turn|90
|choice||
|
|switch|p1a: Sableye|Sableye-Mega, M|86\/100
|switch|p2a: King Zappy|Zapdos, shiny|100\/100 slp
|
|turn|91
|choice||
|
|switch|p2a: Creepy Mofo|Sableye-Mega, M, shiny|83\/100
|switch|p1a: Amoonguss|Amoonguss, M|100\/100
|
|turn|92
|choice||
|
|switch|p1a: Sableye|Sableye-Mega, M|86\/100
|switch|p2a: King Zappy|Zapdos, shiny|100\/100 slp
|
|turn|93
|choice||
|
|switch|p2a: Creepy Mofo|Sableye-Mega, M, shiny|83\/100
|switch|p1a: Amoonguss|Amoonguss, M|100\/100
|
|turn|94
|choice||
|
|switch|p1a: Sableye|Sableye-Mega, M|86\/100
|switch|p2a: King Zappy|Zapdos, shiny|100\/100 slp
|
|turn|95
|c|★Noobab|i have no life
|c|★Noobab|but studying and playing pokemon
|choice||
|
|switch|p2a: Creepy Mofo|Sableye-Mega, M, shiny|83\/100
|switch|p1a: Skarmory|Skarmory, F, shiny|100\/100
|
|turn|96
|choice||
|
|switch|p2a: King Zappy|Zapdos, shiny|100\/100 slp
|move|p1a: Skarmory|Stealth Rock|p2a: King Zappy
|-sidestart|p2: Noobab|move: Stealth Rock
|
|turn|97
|choice||
|
|-curestatus|p2a: King Zappy|slp|[msg]
|move|p2a: King Zappy|Volt Switch|p1a: Skarmory
|-supereffective|p1a: Skarmory
|-damage|p1a: Skarmory|48\/100
|choice||
|
|switch|p2a: Bad Ass the 3rd|Skarmory, F, shiny|100\/100
|-damage|p2a: Bad Ass the 3rd|88\/100|[from] Stealth Rock
|move|p1a: Skarmory|Spikes|p2a: Bad Ass the 3rd
|-sidestart|p2: Noobab|Spikes
|
|turn|98
|c| lonkers|guys
|j|BluBirD
|choice||
|
|move|p1a: Skarmory|Roost|p1a: Skarmory
|-heal|p1a: Skarmory|98\/100
|move|p2a: Bad Ass the 3rd|Defog|p1a: Skarmory
|-unboost|p1a: Skarmory|evasion|1
|-sideend|p2: Noobab|Spikes|[from] move: Defog|[of] p2a: Bad Ass the 3rd
|-sideend|p2: Noobab|Stealth Rock|[from] move: Defog|[of] p2a: Bad Ass the 3rd
|
|turn|99
|c| lonkers|oumodsrfags is locked lol
|l|BluBirD
|choice||
|
|switch|p1a: Sableye|Sableye-Mega, M|86\/100
|switch|p2a: Creepy Mofo|Sableye-Mega, M, shiny|83\/100
|
|turn|100
|c| tabl|but tru nickname tho
|c| lonkers|thats why he isnt talking
|c| lonkers|yep
|c|★Noobab|oh is he?
|c|★Noobab|is he locked?
|choice||
|
|switch|p2a: King Zappy|Zapdos, shiny|100\/100
|switch|p1a: Skarmory|Skarmory, F, shiny|98\/100
|
|turn|101
|choice||
|
|switch|p2a: Bad Ass the 3rd|Skarmory, F, shiny|88\/100
|switch|p1a: Amoonguss|Amoonguss, M|100\/100
|
|turn|102
|choice||
|
|switch|p2a: King Zappy|Zapdos, shiny|100\/100
|switch|p1a: Sableye|Sableye-Mega, M|86\/100
|
|turn|103
|c| tabl|I thought that read "Red Ass the 3rd"
|c| tabl|for a moment
|choice||
|
|switch|p2a: Creepy Mofo|Sableye-Mega, M, shiny|83\/100
|switch|p1a: Amoonguss|Amoonguss, M|100\/100
|
|turn|104
|c|★Noobab|red ass?
|c|★Noobab|thats a cool one
|c| tabl|ikr
|choice||
|
|switch|p1a: Sableye|Sableye-Mega, M|86\/100
|switch|p2a: King Zappy|Zapdos, shiny|100\/100
|
|turn|105
|choice||
|
|switch|p2a: Creepy Mofo|Sableye-Mega, M, shiny|83\/100
|switch|p1a: Amoonguss|Amoonguss, M|100\/100
|
|turn|106
|choice||
|
|switch|p1a: Alomomola|Alomomola, F, shiny|100\/100
|switch|p2a: King Zappy|Zapdos, shiny|100\/100
|
|turn|107
|c| lonkers|im just watching a podcast
|choice||
|
|switch|p2a: Creepy Mofo|Sableye-Mega, M, shiny|83\/100
|switch|p1a: Amoonguss|Amoonguss, M|100\/100
|
|turn|108
|choice||
|
|switch|p1a: Alomomola|Alomomola, F, shiny|100\/100
|switch|p2a: King Zappy|Zapdos, shiny|100\/100
|
|turn|109
|c|★Noobab|did u guys watch ufc 203?
|c|★Noobab|cm punk
|c| lonkers|nah
|c|★Noobab|got knocked out
|c|★Noobab|in like 2 mins
|c| tabl|no
|c| lonkers|its fun to watch
|c| tabl|I don't do sports
|choice||
|
|switch|p2a: Bad Ass the 3rd|Skarmory, F, shiny|88\/100
|switch|p1a: Amoonguss|Amoonguss, M|100\/100
|
|turn|110
|c| lonkers|but i never have time to watch tv
|c|★Noobab|why is that?
|choice||
|
|switch|p2a: King Zappy|Zapdos, shiny|100\/100
|move|p1a: Amoonguss|Sludge Bomb|p2a: King Zappy
|-damage|p2a: King Zappy|81\/100
|
|turn|111
|c| lonkers|idk
|choice||
|
|switch|p2a: Bad Ass the 3rd|Skarmory, F, shiny|88\/100
|switch|p1a: Chansey|Chansey, F|91\/100
|
|turn|112
|c|★Noobab|lol
|c|★Noobab|masterbating?
|choice||
|
|switch|p2a: Creepy Mofo|Sableye-Mega, M, shiny|83\/100
|move|p1a: Chansey|Toxic|p2a: Creepy Mofo
|move|p2a: Creepy Mofo|Toxic|p1a: Chansey|[from]Magic Bounce
|-status|p1a: Chansey|tox
|
|-damage|p1a: Chansey|85\/100 tox|[from] psn
|turn|113
|choice||
|
|-curestatus|p1a: Chansey|tox|[from] ability: Natural Cure
|switch|p1a: Skarmory|Skarmory, F, shiny|98\/100
|move|p2a: Creepy Mofo|Knock Off|p1a: Skarmory
|-damage|p1a: Skarmory|82\/100
|
|turn|114
|c| lonkers|everytime i turn on my tv i just feel like id rather just play my ps4 or something
|c| tabl|why do you ask?
|choice||
|
|switch|p2a: Bad Ass the 3rd|Skarmory, F, shiny|88\/100
|move|p1a: Skarmory|Stealth Rock|p2a: Bad Ass the 3rd
|-sidestart|p2: Noobab|move: Stealth Rock
|
|turn|115
|c| tabl|lol
|c| tabl|same
|c| lonkers|also no that's weird
|choice||
|
|move|p1a: Skarmory|Spikes|p2a: Bad Ass the 3rd
|-sidestart|p2: Noobab|Spikes
|move|p2a: Bad Ass the 3rd|Defog|p1a: Skarmory
|-unboost|p1a: Skarmory|evasion|1
|-sideend|p2: Noobab|Spikes|[from] move: Defog|[of] p2a: Bad Ass the 3rd
|-sideend|p2: Noobab|Stealth Rock|[from] move: Defog|[of] p2a: Bad Ass the 3rd
|
|turn|116
|c|★Noobab|ok
|choice||
|
|switch|p2a: Chan C Da Fan C|Chansey, F, shiny|100\/100
|move|p1a: Skarmory|Stealth Rock|p2a: Chan C Da Fan C
|-sidestart|p2: Noobab|move: Stealth Rock
|
|turn|117
|choice||
|
|switch|p1a: Sableye|Sableye-Mega, M|86\/100
|switch|p2a: Bad Ass the 3rd|Skarmory, F, shiny|88\/100
|-damage|p2a: Bad Ass the 3rd|76\/100|[from] Stealth Rock
|
|turn|118
|choice||
|
|switch|p1a: Skarmory|Skarmory, F, shiny|82\/100
|move|p2a: Bad Ass the 3rd|Defog|p1a: Skarmory
|-unboost|p1a: Skarmory|evasion|1
|-sideend|p2: Noobab|Stealth Rock|[from] move: Defog|[of] p2a: Bad Ass the 3rd
|
|turn|119
|choice||
|
|switch|p2a: Creepy Mofo|Sableye-Mega, M, shiny|83\/100
|move|p1a: Skarmory|Stealth Rock|p2a: Creepy Mofo
|move|p2a: Creepy Mofo|Stealth Rock|p1a: Skarmory|[from]Magic Bounce
|-sidestart|p1: OUmodsRfags|move: Stealth Rock
|
|turn|120
|choice||
|
|switch|p1a: Sableye|Sableye-Mega, M|86\/100
|-damage|p1a: Sableye|73\/100|[from] Stealth Rock
|switch|p2a: King Zappy|Zapdos, shiny|81\/100
|
|turn|121
|choice||
|
|switch|p2a: Creepy Mofo|Sableye-Mega, M, shiny|83\/100
|switch|p1a: Amoonguss|Amoonguss, M|100\/100
|-damage|p1a: Amoonguss|88\/100|[from] Stealth Rock
|
|turn|122
|c|★Noobab|who is his defogger?
|c|★Noobab|hmmm
|c| lonkers|niice
|c| lonkers|you got dem stones
|l|MSK545454545
|c|★Noobab|indeed
|choice||
|
|switch|p1a: Alomomola|Alomomola, F, shiny|100\/100
|-damage|p1a: Alomomola|88\/100|[from] Stealth Rock
|switch|p2a: King Zappy|Zapdos, shiny|81\/100
|
|-heal|p1a: Alomomola|94\/100|[from] item: Leftovers
|turn|123
|choice||
|
|switch|p2a: Creepy Mofo|Sableye-Mega, M, shiny|83\/100
|move|p1a: Alomomola|Wish|p1a: Alomomola
|
|-heal|p1a: Alomomola|100\/100|[from] item: Leftovers
|turn|124
|c| tabl|pieces of animal waste lined up on the opposing field
|c|★Noobab|as i do not like them stones on my side
|c| lonkers|this guys screwed now
|choice||
|
|switch|p2a: King Zappy|Zapdos, shiny|81\/100
|move|p1a: Alomomola|Toxic|p2a: King Zappy
|-status|p2a: King Zappy|tox
|
|-damage|p2a: King Zappy|75\/100 tox|[from] psn
|turn|125
|c|★Noobab|unless u got defogger
|c| lonkers|lol he has rest anyway
|choice||
|
|switch|p1a: Chansey|Chansey, F|85\/100
|-damage|p1a: Chansey|72\/100|[from] Stealth Rock
|move|p2a: King Zappy|Rest|p2a: King Zappy
|-status|p2a: King Zappy|slp
|-heal|p2a: King Zappy|100\/100 slp|[silent]
|-status|p2a: King Zappy|slp|[from] move: Rest
|
|turn|126
|c|★Noobab|i need to rest a bit
|c|★Noobab|tired
|choice||
|
|switch|p2a: Creepy Mofo|Sableye-Mega, M, shiny|83\/100
|switch|p1a: Skarmory|Skarmory, F, shiny|82\/100
|-damage|p1a: Skarmory|70\/100|[from] Stealth Rock
|
|turn|127
|c|★Noobab|hehehe
|choice||
|
|switch|p2a: King Zappy|Zapdos, shiny|100\/100 slp
|move|p1a: Skarmory|Defog|p2a: King Zappy
|-unboost|p2a: King Zappy|evasion|1
|-sideend|p1: OUmodsRfags|Stealth Rock|[from] move: Defog|[of] p1a: Skarmory
|
|turn|128
|choice||
|
|switch|p2a: Creepy Mofo|Sableye-Mega, M, shiny|83\/100
|switch|p1a: Chansey|Chansey, F|72\/100
|
|turn|129
|c|★Noobab|no attack
|c|★Noobab|his skarm got no attacking moves
|choice||
|
|switch|p1a: Sableye|Sableye-Mega, M|73\/100
|switch|p2a: King Zappy|Zapdos, shiny|100\/100 slp
|
|turn|130
|l|imahugedork
|choice||
|
|switch|p1a: Chansey|Chansey, F|72\/100
|cant|p2a: King Zappy|slp
|
|turn|131
|choice||
|
|switch|p2a: Creepy Mofo|Sableye-Mega, M, shiny|83\/100
|move|p1a: Chansey|Soft-Boiled|p1a: Chansey
|-heal|p1a: Chansey|100\/100
|
|turn|132
|choice||
|
|switch|p1a: Sableye|Sableye-Mega, M|73\/100
|switch|p2a: King Zappy|Zapdos, shiny|100\/100 slp
|
|turn|133
|choice||
|
|switch|p2a: Creepy Mofo|Sableye-Mega, M, shiny|83\/100
|switch|p1a: Amoonguss|Amoonguss, M|100\/100
|
|turn|134
|c| tabl|once in a stall game the first death occurred turn 551
|choice||
|
|switch|p1a: Alomomola|Alomomola, F, shiny|100\/100
|switch|p2a: King Zappy|Zapdos, shiny|100\/100 slp
|
|turn|135
|c| tabl|battle lasted 651 turns
|choice||
|
|switch|p1a: Amoonguss|Amoonguss, M|100\/100
|cant|p2a: King Zappy|slp
|
|turn|136
|c| lonkers|lol
|c| lonkers|i really get annoyed in 1v1 stall games
|c|★Noobab|my longest is over 1000 turns
|c| lonkers|when they wont forefeit
|choice||
|
|switch|p2a: Creepy Mofo|Sableye-Mega, M, shiny|83\/100
|switch|p1a: Chansey|Chansey, F|100\/100
|
|turn|137
|c| lonkers|my longest was 1000+ too in bh
|choice||
|
|switch|p2a: King Zappy|Zapdos, shiny|100\/100 slp
|move|p1a: Chansey|Toxic|p2a: King Zappy
|-fail|p2a: King Zappy
|
|turn|138
|c| lonkers|friggin deyoxys speed teams
|choice||
|
|switch|p2a: Creepy Mofo|Sableye-Mega, M, shiny|83\/100
|switch|p1a: Amoonguss|Amoonguss, M|100\/100
|
|turn|139
|c| tabl|my longest was <20 turns
|choice||
|
|switch|p1a: Sableye|Sableye-Mega, M|73\/100
|switch|p2a: King Zappy|Zapdos, shiny|100\/100 slp
|
|turn|140
|c| tabl|I'm a noob to this tier
|c| lonkers|lol
|choice||
|
|switch|p2a: Creepy Mofo|Sableye-Mega, M, shiny|83\/100
|switch|p1a: Amoonguss|Amoonguss, M|100\/100
|
|turn|141
|c|★Noobab|no i am the noob?
|c|★Noobab|my name says it all
|c| lonkers|well you are just a table from amazon after all
|c| tabl|tru tru
|c|★Noobab|but i will make top 10
|c|★Noobab|watch this
|choice||
|
|switch|p2a: King Zappy|Zapdos, shiny|100\/100 slp
|move|p1a: Amoonguss|Clear Smog|p2a: King Zappy
|-damage|p2a: King Zappy|91\/100 slp
|-clearboost|p2a: King Zappy
|
|turn|142
|c| lonkers|orly
|choice||
|
|switch|p2a: Chan C Da Fan C|Chansey, F, shiny|100\/100
|move|p1a: Amoonguss|Sludge Bomb|p2a: Chan C Da Fan C
|-damage|p2a: Chan C Da Fan C|92\/100
|-status|p2a: Chan C Da Fan C|psn
|
|-damage|p2a: Chan C Da Fan C|79\/100 psn|[from] psn
|turn|143
|c| tabl|I tried to make top 10 pu on my alt because I'm too uncool for ou
|choice||
|
|-curestatus|p2a: Chan C Da Fan C|psn|[from] ability: Natural Cure
|switch|p2a: King Zappy|Zapdos, shiny|91\/100 slp
|switch|p1a: Sableye|Sableye-Mega, M|73\/100
|
|turn|144
|c| tabl|got rekt and lost >100 rating
|c|★Noobab|read my name backwards though
|choice||
|
|switch|p2a: Creepy Mofo|Sableye-Mega, M, shiny|83\/100
|move|p1a: Sableye|Knock Off|p2a: Creepy Mofo
|-damage|p2a: Creepy Mofo|64\/100
|
|turn|145
|c| tabl|ayy that meme
|c| lonkers|are you sure youll beat NT
|choice||
|
|switch|p2a: King Zappy|Zapdos, shiny|91\/100 slp
|switch|p1a: Quagsire|Quagsire, F, shiny|100\/100
|
|turn|146
|c|★Noobab|NT?
|c| lonkers|that guy who has random numbers and leters afte nt
|c| lonkers|lo*
|choice||
|
|switch|p2a: Chan C Da Fan C|Chansey, F, shiny|79\/100
|move|p1a: Quagsire|Scald|p2a: Chan C Da Fan C
|-damage|p2a: Chan C Da Fan C|74\/100
|
|turn|147
|c| lonkers|lt*
|choice||
|
|switch|p2a: King Zappy|Zapdos, shiny|91\/100 slp
|move|p1a: Quagsire|Scald|p2a: King Zappy
|-damage|p2a: King Zappy|77\/100 slp
|
|turn|148
|c| lonkers|like LT7J
|choice||
|
|switch|p2a: Chan C Da Fan C|Chansey, F, shiny|74\/100
|move|p1a: Quagsire|Scald|p2a: Chan C Da Fan C
|-damage|p2a: Chan C Da Fan C|67\/100
|
|turn|149
|choice||
|
|switch|p2a: King Zappy|Zapdos, shiny|77\/100 slp
|move|p1a: Quagsire|Scald|p2a: King Zappy
|-damage|p2a: King Zappy|64\/100 slp
|
|turn|150
|choice||
|
|-curestatus|p2a: King Zappy|slp|[msg]
|move|p2a: King Zappy|Rest|p2a: King Zappy
|-status|p2a: King Zappy|slp
|-heal|p2a: King Zappy|100\/100 slp|[silent]
|-status|p2a: King Zappy|slp|[from] move: Rest
|move|p1a: Quagsire|Scald|p2a: King Zappy
|-damage|p2a: King Zappy|88\/100 slp
|
|turn|151
|c|★Noobab|i need to rest
|c|★Noobab|a bit tired
|choice||
|
|switch|p1a: Amoonguss|Amoonguss, M|100\/100
|cant|p2a: King Zappy|slp
|
|turn|152
|choice||
|
|cant|p2a: King Zappy|slp
|move|p1a: Amoonguss|Sludge Bomb|p2a: King Zappy
|-damage|p2a: King Zappy|70\/100 slp
|
|turn|153
|choice||
|
|switch|p2a: Bad Ass the 3rd|Skarmory, F, shiny|76\/100
|switch|p1a: Quagsire|Quagsire, F, shiny|100\/100
|
|turn|154
|choice||
|
|switch|p2a: King Zappy|Zapdos, shiny|70\/100 slp
|switch|p1a: Sableye|Sableye-Mega, M|73\/100
|
|turn|155
|choice||
|
|switch|p2a: Creepy Mofo|Sableye-Mega, M, shiny|64\/100
|switch|p1a: Amoonguss|Amoonguss, M|100\/100
|
|turn|156
|choice||
|
|switch|p1a: Sableye|Sableye-Mega, M|73\/100
|switch|p2a: King Zappy|Zapdos, shiny|70\/100 slp
|
|turn|157
|choice||
|
|switch|p2a: Creepy Mofo|Sableye-Mega, M, shiny|64\/100
|switch|p1a: Amoonguss|Amoonguss, M|100\/100
|
|turn|158
|choice||
|
|switch|p1a: Sableye|Sableye-Mega, M|73\/100
|switch|p2a: King Zappy|Zapdos, shiny|70\/100 slp
|
|turn|159
|choice||
|
|-curestatus|p2a: King Zappy|slp|[msg]
|move|p2a: King Zappy|Volt Switch|p1a: Sableye
|-damage|p1a: Sableye|44\/100
|choice||
|
|switch|p2a: Creepy Mofo|Sableye-Mega, M, shiny|64\/100
|move|p1a: Sableye|Knock Off|p2a: Creepy Mofo
|-damage|p2a: Creepy Mofo|44\/100
|
|turn|160
|choice||
|
|move|p2a: Creepy Mofo|Recover|p2a: Creepy Mofo
|-heal|p2a: Creepy Mofo|94\/100
|move|p1a: Sableye|Recover|p1a: Sableye
|-heal|p1a: Sableye|94\/100
|
|turn|161
|j|Skoby
|j|Zigzagoon 14
|l|Skoby
|j|Skoby
|choice||
|
|switch|p2a: King Zappy|Zapdos, shiny|70\/100
|move|p1a: Sableye|Knock Off|p2a: King Zappy
|-damage|p2a: King Zappy|51\/100
|-status|p1a: Sableye|par|[from] ability: Static|[of] p2a: King Zappy
|
|turn|162
|c|★Noobab|there we have it ladies and gents
|l|Skoby
|choice||
|
|switch|p2a: Creepy Mofo|Sableye-Mega, M, shiny|94\/100
|cant|p1a: Sableye|par
|
|turn|163
|choice||
|
|switch|p2a: King Zappy|Zapdos, shiny|51\/100
|switch|p1a: Alomomola|Alomomola, F, shiny|100\/100
|
|turn|164
|choice||
|
|switch|p2a: Creepy Mofo|Sableye-Mega, M, shiny|94\/100
|switch|p1a: Amoonguss|Amoonguss, M|100\/100
|
|turn|165
|choice||
|
|switch|p1a: Alomomola|Alomomola, F, shiny|100\/100
|switch|p2a: King Zappy|Zapdos, shiny|51\/100
|
|turn|166
|l|lonkers
|choice||
|
|switch|p2a: Creepy Mofo|Sableye-Mega, M, shiny|94\/100
|switch|p1a: Amoonguss|Amoonguss, M|100\/100
|
|turn|167
|choice||
|
|switch|p1a: Alomomola|Alomomola, F, shiny|100\/100
|switch|p2a: King Zappy|Zapdos, shiny|51\/100
|
|turn|168
|choice||
|
|switch|p2a: Creepy Mofo|Sableye-Mega, M, shiny|94\/100
|switch|p1a: Amoonguss|Amoonguss, M|100\/100
|
|turn|169
|choice||
|
|switch|p2a: King Zappy|Zapdos, shiny|51\/100
|move|p1a: Amoonguss|Energy Ball|p2a: King Zappy
|-resisted|p2a: King Zappy
|-damage|p2a: King Zappy|42\/100
|
|turn|170
|c|★Noobab|lol what?
|c|★Noobab|what in the actual fuck
|choice||
|
|switch|p1a: Quagsire|Quagsire, F, shiny|100\/100
|move|p2a: King Zappy|Rest|p2a: King Zappy
|-status|p2a: King Zappy|slp
|-heal|p2a: King Zappy|100\/100 slp|[silent]
|-status|p2a: King Zappy|slp|[from] move: Rest
|
|turn|171
|c| Zigzagoon 14|what's happening
|choice||
|
|cant|p2a: King Zappy|slp
|move|p1a: Quagsire|Scald|p2a: King Zappy
|-damage|p2a: King Zappy|88\/100 slp
|
|turn|172
|choice||
|
|switch|p1a: Amoonguss|Amoonguss, M|100\/100
|cant|p2a: King Zappy|slp
|
|turn|173
|c| tabl|a pokémon battle
|c| tabl|that's what is happening
|c|★Noobab|he has energy ball on his amoonguss instead of giga drain
|choice||
|
|switch|p2a: Creepy Mofo|Sableye-Mega, M, shiny|94\/100
|move|p1a: Amoonguss|Energy Ball|p2a: Creepy Mofo
|-damage|p2a: Creepy Mofo|73\/100
|
|turn|174
|choice||
|
|switch|p1a: Alomomola|Alomomola, F, shiny|100\/100
|switch|p2a: King Zappy|Zapdos, shiny|88\/100 slp
|
|turn|175
|choice||
|
|switch|p2a: I'm Lazy AF|Quagsire, F, shiny|100\/100
|switch|p1a: Sableye|Sableye-Mega, M|94\/100 par
|
|turn|176
|choice||
|
|switch|p2a: King Zappy|Zapdos, shiny|88\/100 slp
|switch|p1a: Amoonguss|Amoonguss, M|100\/100
|
|turn|177
|choice||
|
|switch|p2a: Bad Ass the 3rd|Skarmory, F, shiny|76\/100
|move|p1a: Amoonguss|Foul Play|p2a: Bad Ass the 3rd
|-damage|p2a: Bad Ass the 3rd|65\/100
|-damage|p1a: Amoonguss|84\/100|[from] item: Rocky Helmet|[of] p2a: Bad Ass the 3rd
|
|turn|178
|choice||
|
|switch|p2a: King Zappy|Zapdos, shiny|88\/100 slp
|switch|p1a: Sableye|Sableye-Mega, M|94\/100 par
|
|turn|179
|choice||
|
|switch|p2a: Creepy Mofo|Sableye-Mega, M, shiny|73\/100
|switch|p1a: Amoonguss|Amoonguss, M|100\/100
|
|turn|180
|choice||
|
|switch|p1a: Sableye|Sableye-Mega, M|94\/100 par
|switch|p2a: King Zappy|Zapdos, shiny|88\/100 slp
|
|turn|181
|choice||
|
|switch|p2a: Creepy Mofo|Sableye-Mega, M, shiny|73\/100
|switch|p1a: Amoonguss|Amoonguss, M|100\/100
|
|turn|182
|choice||
|
|switch|p1a: Quagsire|Quagsire, F, shiny|100\/100
|switch|p2a: King Zappy|Zapdos, shiny|88\/100 slp
|
|turn|183
|c|★Noobab|it could be assault vest amoong
|choice||
|
|switch|p2a: Creepy Mofo|Sableye-Mega, M, shiny|73\/100
|switch|p1a: Amoonguss|Amoonguss, M|100\/100
|
|turn|184
|choice||
|
|switch|p1a: Sableye|Sableye-Mega, M|94\/100 par
|switch|p2a: King Zappy|Zapdos, shiny|88\/100 slp
|
|turn|185
|choice||
|
|switch|p2a: Creepy Mofo|Sableye-Mega, M, shiny|73\/100
|switch|p1a: Amoonguss|Amoonguss, M|100\/100
|
|turn|186
|c| Zigzagoon 14|absurd amount of switching tho
|choice||
|
|switch|p1a: Sableye|Sableye-Mega, M|94\/100 par
|switch|p2a: King Zappy|Zapdos, shiny|88\/100 slp
|
|turn|187
|c|★Noobab|no shit sherlock
|choice||
|
|switch|p2a: Creepy Mofo|Sableye-Mega, M, shiny|73\/100
|switch|p1a: Amoonguss|Amoonguss, M|100\/100
|
|turn|188
|choice||
|
|switch|p2a: King Zappy|Zapdos, shiny|88\/100 slp
|move|p1a: Amoonguss|Clear Smog|p2a: King Zappy
|-damage|p2a: King Zappy|77\/100 slp
|-clearboost|p2a: King Zappy
|
|turn|189
|c| tabl|this is intense
|choice||
|
|-curestatus|p2a: King Zappy|slp|[msg]
|move|p2a: King Zappy|Heat Wave|p1a: Amoonguss
|-supereffective|p1a: Amoonguss
|-damage|p1a: Amoonguss|67\/100
|move|p1a: Amoonguss|Sludge Bomb|p2a: King Zappy
|-damage|p2a: King Zappy|58\/100
|
|turn|190
|choice||
|
|switch|p1a: Chansey|Chansey, F|100\/100
|move|p2a: King Zappy|Volt Switch|p1a: Chansey
|-damage|p1a: Chansey|91\/100
|c| tabl|*battle intensifies
|choice||
|
|switch|p2a: Creepy Mofo|Sableye-Mega, M, shiny|73\/100
|
|turn|191
|c|★Noobab|how intense?
|choice||
|
|switch|p2a: King Zappy|Zapdos, shiny|58\/100
|move|p1a: Chansey|Toxic|p2a: King Zappy
|-status|p2a: King Zappy|tox
|
|-damage|p2a: King Zappy|51\/100 tox|[from] psn
|turn|192
|c| tabl|Switch more! SWITCH MORE! I said MORE!!!
|choice||
|
|switch|p2a: Creepy Mofo|Sableye-Mega, M, shiny|73\/100
|move|p1a: Chansey|Seismic Toss|p2a: Creepy Mofo
|-immune|p2a: Creepy Mofo|[msg]
|
|turn|193
|c|★Noobab|yes sir
|choice||
|
|switch|p1a: Sableye|Sableye-Mega, M|94\/100 par
|switch|p2a: King Zappy|Zapdos, shiny|51\/100 tox
|
|-damage|p2a: King Zappy|45\/100 tox|[from] psn
|turn|194
|choice||
|
|move|p2a: King Zappy|Rest|p2a: King Zappy
|-status|p2a: King Zappy|slp
|-heal|p2a: King Zappy|100\/100 slp|[silent]
|-status|p2a: King Zappy|slp|[from] move: Rest
|cant|p1a: Sableye|par
|
|turn|195
|c|★Noobab|i just to rest
|c|★Noobab|tired
|choice||
|
|switch|p2a: Creepy Mofo|Sableye-Mega, M, shiny|73\/100
|move|p1a: Sableye|Knock Off|p2a: Creepy Mofo
|-damage|p2a: Creepy Mofo|57\/100
|
|turn|196
|c| Zigzagoon 14|just use knock off on the switch
|c| Zigzagoon 14|why so many
|choice||
|
|switch|p2a: King Zappy|Zapdos, shiny|100\/100 slp
|switch|p1a: Alomomola|Alomomola, F, shiny|100\/100
|
|turn|197
|choice||
|
|switch|p1a: Amoonguss|Amoonguss, M|99\/100
|cant|p2a: King Zappy|slp
|
|turn|198
|choice||
|
|switch|p2a: Chan C Da Fan C|Chansey, F, shiny|67\/100
|switch|p1a: Chansey|Chansey, F|91\/100
|
|turn|199
|choice||
|
|switch|p1a: Sableye|Sableye-Mega, M|94\/100 par
|switch|p2a: I'm Sexy AF|Clefable, M, shiny|100\/100
|
|turn|200
|choice||
|
|switch|p1a: Chansey|Chansey, F|91\/100
|move|p2a: I'm Sexy AF|Wish|p2a: I'm Sexy AF
|
|turn|201
|choice||
|
|switch|p2a: Creepy Mofo|Sableye-Mega, M, shiny|57\/100
|move|p1a: Chansey|Heal Bell|p1a: Chansey
|-activate|p1a: Chansey|move: Heal Bell
|-curestatus|p1: Sableye|par|[msg]
|
|-heal|p2a: Creepy Mofo|100\/100|[from] move: Wish|[wisher] I'm Sexy AF
|turn|202
|choice||
|
|switch|p1a: Sableye|Sableye-Mega, M|94\/100
|switch|p2a: King Zappy|Zapdos, shiny|100\/100 slp
|
|turn|203
|c| tabl|turn 4 paralysis lol
|choice||
|
|switch|p2a: Creepy Mofo|Sableye-Mega, M, shiny|100\/100
|switch|p1a: Amoonguss|Amoonguss, M|100\/100
|
|turn|204
|choice||
|
|switch|p1a: Sableye|Sableye-Mega, M|94\/100
|move|p2a: Creepy Mofo|Knock Off|p1a: Sableye
|-damage|p1a: Sableye|81\/100
|
|turn|205
|choice||
|
|switch|p2a: King Zappy|Zapdos, shiny|100\/100 slp
|switch|p1a: Skarmory|Skarmory, F, shiny|70\/100
|
|turn|206
|choice||
|
|switch|p2a: Bad Ass the 3rd|Skarmory, F, shiny|65\/100
|switch|p1a: Amoonguss|Amoonguss, M|100\/100
|
|turn|207
|choice||
|
|switch|p2a: King Zappy|Zapdos, shiny|100\/100 slp
|switch|p1a: Skarmory|Skarmory, F, shiny|70\/100
|
|turn|208
|c|★Noobab|amoonguss is walled by my ultimate skarm
|choice||
|
|switch|p2a: Bad Ass the 3rd|Skarmory, F, shiny|65\/100
|switch|p1a: Amoonguss|Amoonguss, M|100\/100
|
|turn|209
|choice||
|
|switch|p2a: King Zappy|Zapdos, shiny|100\/100 slp
|switch|p1a: Skarmory|Skarmory, F, shiny|70\/100
|
|turn|210
|choice||
|
|switch|p2a: Bad Ass the 3rd|Skarmory, F, shiny|65\/100
|switch|p1a: Amoonguss|Amoonguss, M|100\/100
|
|turn|211
|choice||
|
|switch|p2a: Creepy Mofo|Sableye-Mega, M, shiny|100\/100
|move|p1a: Amoonguss|Sludge Bomb|p2a: Creepy Mofo
|-resisted|p2a: Creepy Mofo
|-damage|p2a: Creepy Mofo|90\/100
|
|turn|212
|choice||
|
|switch|p1a: Skarmory|Skarmory, F, shiny|70\/100
|switch|p2a: King Zappy|Zapdos, shiny|100\/100 slp
|
|turn|213
|choice||
|
|switch|p2a: Bad Ass the 3rd|Skarmory, F, shiny|65\/100
|move|p1a: Skarmory|Stealth Rock|p2a: Bad Ass the 3rd
|-sidestart|p2: Noobab|move: Stealth Rock
|
|turn|214
|choice||
|
|move|p1a: Skarmory|Spikes|p2a: Bad Ass the 3rd
|-sidestart|p2: Noobab|Spikes
|move|p2a: Bad Ass the 3rd|Defog|p1a: Skarmory
|-unboost|p1a: Skarmory|evasion|1
|-sideend|p2: Noobab|Spikes|[from] move: Defog|[of] p2a: Bad Ass the 3rd
|-sideend|p2: Noobab|Stealth Rock|[from] move: Defog|[of] p2a: Bad Ass the 3rd
|
|turn|215
|choice||
|
|switch|p2a: King Zappy|Zapdos, shiny|100\/100 slp
|switch|p1a: Sableye|Sableye-Mega, M|81\/100
|
|turn|216
|choice||
|
|switch|p2a: Creepy Mofo|Sableye-Mega, M, shiny|90\/100
|switch|p1a: Chansey|Chansey, F|91\/100
|
|turn|217
|choice||
|
|switch|p1a: Skarmory|Skarmory, F, shiny|70\/100
|switch|p2a: King Zappy|Zapdos, shiny|100\/100 slp
|
|turn|218
|choice||
|
|switch|p2a: Creepy Mofo|Sableye-Mega, M, shiny|90\/100
|switch|p1a: Amoonguss|Amoonguss, M|100\/100
|
|turn|219
|choice||
|
|switch|p2a: King Zappy|Zapdos, shiny|100\/100 slp
|move|p1a: Amoonguss|Clear Smog|p2a: King Zappy
|-damage|p2a: King Zappy|90\/100 slp
|-clearboost|p2a: King Zappy
|
|turn|220
|choice||
|
|switch|p2a: Chan C Da Fan C|Chansey, F, shiny|67\/100
|switch|p1a: Quagsire|Quagsire, F, shiny|100\/100
|
|turn|221
|choice||
|
|switch|p2a: King Zappy|Zapdos, shiny|90\/100 slp
|move|p1a: Quagsire|Scald|p2a: King Zappy
|-damage|p2a: King Zappy|77\/100 slp
|
|turn|222
|choice||
|
|switch|p2a: Chan C Da Fan C|Chansey, F, shiny|67\/100
|switch|p1a: Skarmory|Skarmory, F, shiny|70\/100
|
|turn|223
|choice||
|
|switch|p2a: Creepy Mofo|Sableye-Mega, M, shiny|90\/100
|move|p1a: Skarmory|Roost|p1a: Skarmory
|-heal|p1a: Skarmory|100\/100
|
|turn|224
|choice||
|
|switch|p2a: King Zappy|Zapdos, shiny|77\/100 slp
|move|p1a: Skarmory|Stealth Rock|p2a: King Zappy
|-sidestart|p2: Noobab|move: Stealth Rock
|
|turn|225
|choice||
|
|switch|p2a: Bad Ass the 3rd|Skarmory, F, shiny|65\/100
|-damage|p2a: Bad Ass the 3rd|53\/100|[from] Stealth Rock
|switch|p1a: Quagsire|Quagsire, F, shiny|100\/100
|
|turn|226
|choice||
|
|move|p2a: Bad Ass the 3rd|Roost|p2a: Bad Ass the 3rd
|-heal|p2a: Bad Ass the 3rd|100\/100
|move|p1a: Quagsire|Scald|p2a: Bad Ass the 3rd
|-damage|p2a: Bad Ass the 3rd|74\/100
|
|turn|227
|choice||
|
|move|p2a: Bad Ass the 3rd|Defog|p1a: Quagsire
|-unboost|p1a: Quagsire|evasion|1
|-sideend|p2: Noobab|Stealth Rock|[from] move: Defog|[of] p2a: Bad Ass the 3rd
|move|p1a: Quagsire|Scald|p2a: Bad Ass the 3rd
|-damage|p2a: Bad Ass the 3rd|49\/100
|-status|p2a: Bad Ass the 3rd|brn
|
|-damage|p2a: Bad Ass the 3rd|37\/100 brn|[from] brn
|turn|228
|choice||
|
|switch|p2a: I'm Sexy AF|Clefable, M, shiny|100\/100
|move|p1a: Quagsire|Earthquake|p2a: I'm Sexy AF
|-damage|p2a: I'm Sexy AF|66\/100
|
|-heal|p2a: I'm Sexy AF|72\/100|[from] item: Leftovers
|turn|229
|c|★Noobab|thats bad
|c|★Noobab|not really
|c|★Noobab|lemme set up
|choice||
|
|switch|p1a: Skarmory|Skarmory, F, shiny|100\/100
|move|p2a: I'm Sexy AF|Heal Bell|p2a: I'm Sexy AF
|-activate|p2a: I'm Sexy AF|move: Heal Bell
|-curestatus|p2: Bad Ass the 3rd|brn|[msg]
|-curestatus|p2: King Zappy|slp|[msg]
|
|-heal|p2a: I'm Sexy AF|78\/100|[from] item: Leftovers
|turn|230
|choice||
|
|switch|p2a: Bad Ass the 3rd|Skarmory, F, shiny|37\/100
|move|p1a: Skarmory|Stealth Rock|p2a: Bad Ass the 3rd
|-sidestart|p2: Noobab|move: Stealth Rock
|
|turn|231
|c|★Noobab|where was i
|choice||
|
|switch|p1a: Quagsire|Quagsire, F, shiny|100\/100
|move|p2a: Bad Ass the 3rd|Roost|p2a: Bad Ass the 3rd
|-heal|p2a: Bad Ass the 3rd|87\/100
|
|turn|232
|choice||
|
|move|p2a: Bad Ass the 3rd|Defog|p1a: Quagsire
|-unboost|p1a: Quagsire|evasion|1
|-sideend|p2: Noobab|Stealth Rock|[from] move: Defog|[of] p2a: Bad Ass the 3rd
|move|p1a: Quagsire|Scald|p2a: Bad Ass the 3rd
|-damage|p2a: Bad Ass the 3rd|60\/100
|
|turn|233
|choice||
|
|switch|p2a: King Zappy|Zapdos, shiny|77\/100
|move|p1a: Quagsire|Scald|p2a: King Zappy
|-damage|p2a: King Zappy|62\/100
|
|turn|234
|choice||
|
|switch|p1a: Amoonguss|Amoonguss, M|100\/100
|move|p2a: King Zappy|Volt Switch|p1a: Amoonguss
|-resisted|p1a: Amoonguss
|-damage|p1a: Amoonguss|92\/100
|choice||
|
|switch|p2a: Bad Ass the 3rd|Skarmory, F, shiny|60\/100
|
|turn|235
|choice||
|
|switch|p2a: King Zappy|Zapdos, shiny|62\/100
|switch|p1a: Skarmory|Skarmory, F, shiny|100\/100
|
|turn|236
|choice||
|
|switch|p2a: Creepy Mofo|Sableye-Mega, M, shiny|90\/100
|switch|p1a: Amoonguss|Amoonguss, M|100\/100
|
|turn|237
|choice||
|
|switch|p1a: Skarmory|Skarmory, F, shiny|100\/100
|switch|p2a: King Zappy|Zapdos, shiny|62\/100
|
|turn|238
|choice||
|
|switch|p2a: Creepy Mofo|Sableye-Mega, M, shiny|90\/100
|switch|p1a: Amoonguss|Amoonguss, M|100\/100
|
|turn|239
|choice||
|
|switch|p1a: Skarmory|Skarmory, F, shiny|100\/100
|switch|p2a: King Zappy|Zapdos, shiny|62\/100
|
|turn|240
|choice||
|
|switch|p2a: Creepy Mofo|Sableye-Mega, M, shiny|90\/100
|switch|p1a: Amoonguss|Amoonguss, M|100\/100
|
|turn|241
|j|Riptide974
|choice||
|
|switch|p1a: Skarmory|Skarmory, F, shiny|100\/100
|switch|p2a: King Zappy|Zapdos, shiny|62\/100
|
|turn|242
|j|Shitislitten97
|j|Ransei
|l|Ransei
|choice||
|
|switch|p2a: Creepy Mofo|Sableye-Mega, M, shiny|90\/100
|switch|p1a: Amoonguss|Amoonguss, M|100\/100
|
|turn|243
|choice||
|
|switch|p2a: Bad Ass the 3rd|Skarmory, F, shiny|60\/100
|move|p1a: Amoonguss|Clear Smog|p2a: Bad Ass the 3rd
|-immune|p2a: Bad Ass the 3rd|[msg]
|
|turn|244
|choice||
|
|switch|p2a: King Zappy|Zapdos, shiny|62\/100
|switch|p1a: Sableye|Sableye-Mega, M|81\/100
|
|turn|245
|j|usernameorname
|l|Shitislitten97
|choice||
|
|switch|p2a: Creepy Mofo|Sableye-Mega, M, shiny|90\/100
|move|p1a: Sableye|Knock Off|p2a: Creepy Mofo
|-damage|p2a: Creepy Mofo|72\/100
|
|turn|246
|c| usernameorname|._.
|c| usernameorname|wow
|j|Cracticus♬
|choice||
|
|switch|p2a: King Zappy|Zapdos, shiny|62\/100
|switch|p1a: Skarmory|Skarmory, F, shiny|100\/100
|
|turn|247
|c| Cracticus♬|stall
|choice||
|
|switch|p2a: Bad Ass the 3rd|Skarmory, F, shiny|60\/100
|switch|p1a: Amoonguss|Amoonguss, M|100\/100
|
|turn|248
|choice||
|
|switch|p2a: Creepy Mofo|Sableye-Mega, M, shiny|72\/100
|switch|p1a: Skarmory|Skarmory, F, shiny|100\/100
|
|turn|249
|c| Cracticus♬|are you intentionally doing this
|choice||
|
|switch|p1a: Sableye|Sableye-Mega, M|81\/100
|switch|p2a: Bad Ass the 3rd|Skarmory, F, shiny|60\/100
|
|turn|250
|c|★Noobab|no
|c|★Noobab|im trying to not waste my pp
|c|★Noobab|and is he
|j|ShinyCXY
|choice||
|
|switch|p2a: Creepy Mofo|Sableye-Mega, M, shiny|72\/100
|switch|p1a: Skarmory|Skarmory, F, shiny|100\/100
|
|turn|251
|choice||
|
|switch|p2a: Bad Ass the 3rd|Skarmory, F, shiny|60\/100
|move|p1a: Skarmory|Stealth Rock|p2a: Bad Ass the 3rd
|-sidestart|p2: Noobab|move: Stealth Rock
|
|turn|252
|choice||
|
|move|p2a: Bad Ass the 3rd|Defog|p1a: Skarmory
|-unboost|p1a: Skarmory|evasion|1
|-sideend|p2: Noobab|Stealth Rock|[from] move: Defog|[of] p2a: Bad Ass the 3rd
|move|p1a: Skarmory|Stealth Rock|p2a: Bad Ass the 3rd
|-sidestart|p2: Noobab|move: Stealth Rock
|
|turn|253
|choice||
|
|move|p1a: Skarmory|Spikes|p2a: Bad Ass the 3rd
|-sidestart|p2: Noobab|Spikes
|move|p2a: Bad Ass the 3rd|Defog|p1a: Skarmory
|-unboost|p1a: Skarmory|evasion|1
|-sideend|p2: Noobab|Spikes|[from] move: Defog|[of] p2a: Bad Ass the 3rd
|-sideend|p2: Noobab|Stealth Rock|[from] move: Defog|[of] p2a: Bad Ass the 3rd
|
|turn|254
|choice||
|
|switch|p1a: Sableye|Sableye-Mega, M|81\/100
|switch|p2a: Creepy Mofo|Sableye-Mega, M, shiny|72\/100
|
|turn|255
|c| ShinyCXY|wtf
|c| usernameorname|switch stall
|choice||
|
|switch|p2a: King Zappy|Zapdos, shiny|62\/100
|move|p1a: Sableye|Toxic|p2a: King Zappy
|-status|p2a: King Zappy|tox
|
|-damage|p2a: King Zappy|56\/100 tox|[from] psn
|turn|256
|choice||
|
|switch|p2a: Creepy Mofo|Sableye-Mega, M, shiny|72\/100
|switch|p1a: Amoonguss|Amoonguss, M|100\/100
|
|turn|257
|choice||
|
|switch|p1a: Skarmory|Skarmory, F, shiny|100\/100
|switch|p2a: Chan C Da Fan C|Chansey, F, shiny|67\/100
|
|turn|258
|c| usernameorname|\/me used yawn
|choice||
|
|switch|p1a: Sableye|Sableye-Mega, M|81\/100
|switch|p2a: Creepy Mofo|Sableye-Mega, M, shiny|72\/100
|
|turn|259
|choice||
|
|switch|p2a: King Zappy|Zapdos, shiny|56\/100 tox
|switch|p1a: Skarmory|Skarmory, F, shiny|100\/100
|
|-damage|p2a: King Zappy|50\/100 tox|[from] psn
|turn|260
|c| Cracticus♬|what ranking is this
|choice||
|
|switch|p2a: Chan C Da Fan C|Chansey, F, shiny|67\/100
|switch|p1a: Amoonguss|Amoonguss, M|100\/100
|
|turn|261
|c|★Noobab|mid 1700
|c|★Noobab|i think
|c| Cracticus♬|im terrified
|c| usernameorname|lol
|c| Cracticus♬|is this what happens in ou

|j|The Squash


|j|JsKingBoo


|choice||
|
|switch|p1a: Skarmory|Skarmory, F, shiny|100\/100
|move|p2a: Chan C Da Fan C|Wish|p2a: Chan C Da Fan C
|
|turn|262


|c|★Noobab|no shit sherlock


|l|Riptide974


|choice||
|
|switch|p2a: Bad Ass the 3rd|Skarmory, F, shiny|60\/100
|move|p1a: Skarmory|Stealth Rock|p2a: Bad Ass the 3rd
|-sidestart|p2: Noobab|move: Stealth Rock
|
|-heal|p2a: Bad Ass the 3rd|100\/100|[from] move: Wish|[wisher] Chan C Da Fan C
|turn|263


|choice||
|
|move|p1a: Skarmory|Stealth Rock|p2a: Bad Ass the 3rd
|-fail|p2a: Bad Ass the 3rd
|move|p2a: Bad Ass the 3rd|Defog|p1a: Skarmory
|-unboost|p1a: Skarmory|evasion|1
|-sideend|p2: Noobab|Stealth Rock|[from] move: Defog|[of] p2a: Bad Ass the 3rd
|
|turn|264


|c| JsKingBoo|hey cract


|c| usernameorname|i am low ladder :D


|choice||
|
|switch|p1a: Sableye|Sableye-Mega, M|81\/100
|move|p2a: Bad Ass the 3rd|Whirlwind|p1a: Sableye
|move|p1a: Sableye|Whirlwind|p2a: Bad Ass the 3rd|[from]Magic Bounce
|drag|p2a: King Zappy|Zapdos, shiny|50\/100 tox
|
|-damage|p2a: King Zappy|43\/100 tox|[from] psn
|turn|265


|c| JsKingBoo|welcome to the wonderful world of stall v stall


|c| usernameorname|low ladder = no this


|choice||
|
|move|p2a: King Zappy|Rest|p2a: King Zappy
|-status|p2a: King Zappy|slp
|-heal|p2a: King Zappy|100\/100 slp|[silent]
|-status|p2a: King Zappy|slp|[from] move: Rest
|move|p1a: Sableye|Knock Off|p2a: King Zappy
|-damage|p2a: King Zappy|82\/100 slp
|
|turn|266


|c| Cracticus♬|i dont think i like ou :(


|j|venusaurusrex


|choice||
|
|cant|p2a: King Zappy|slp
|move|p1a: Sableye|Knock Off|p2a: King Zappy
|-crit|p2a: King Zappy
|-damage|p2a: King Zappy|49\/100 slp
|
|turn|267


|c| tabl|I just won an ou battle :D


|choice||
|
|cant|p2a: King Zappy|slp
|move|p1a: Sableye|Knock Off|p2a: King Zappy
|-damage|p2a: King Zappy|28\/100 slp
|
|turn|268


|c| JsKingBoo|honestly I think they'd be better off if they played a random bat to determine the winner of this match


|choice||
|
|switch|p1a: Quagsire|Quagsire, F, shiny|100\/100
|-curestatus|p2a: King Zappy|slp|[msg]
|move|p2a: King Zappy|Rest|p2a: King Zappy
|-status|p2a: King Zappy|slp
|-heal|p2a: King Zappy|100\/100 slp|[silent]
|-status|p2a: King Zappy|slp|[from] move: Rest
|
|turn|269


|c| tabl|I think >rand bats


|choice||
|
|switch|p1a: Amoonguss|Amoonguss, M|100\/100
|cant|p2a: King Zappy|slp
|
|turn|270


|c| JsKingBoo|I'm rooting for Noobab because his zapdos is named King Zappy


|c| Zigzagoon 14|this is the most boring match of all time


|choice||
|
|switch|p2a: Chan C Da Fan C|Chansey, F, shiny|67\/100
|move|p1a: Amoonguss|Energy Ball|p2a: Chan C Da Fan C
|-damage|p2a: Chan C Da Fan C|59\/100
|
|turn|271


|c| tabl|rand bats requires 0 skill


|c| tabl|it is all luck


|c|★Noobab|thank u sir


|choice||
|
|switch|p2a: King Zappy|Zapdos, shiny|100\/100 slp
|switch|p1a: Sableye|Sableye-Mega, M|81\/100
|
|turn|272


|c| Cracticus♬|skillful luck


|c| JsKingBoo|king zappy woo!!!


|choice||
|
|switch|p2a: Creepy Mofo|Sableye-Mega, M, shiny|72\/100
|move|p1a: Sableye|Knock Off|p2a: Creepy Mofo
|-damage|p2a: Creepy Mofo|53\/100
|
|turn|273


|c| usernameorname|random isnt luck ._.


|choice||
|
|switch|p2a: King Zappy|Zapdos, shiny|100\/100 slp
|switch|p1a: Skarmory|Skarmory, F, shiny|100\/100
|
|turn|274


|choice||
|
|switch|p2a: Creepy Mofo|Sableye-Mega, M, shiny|53\/100
|move|p1a: Skarmory|Stealth Rock|p2a: Creepy Mofo
|move|p2a: Creepy Mofo|Stealth Rock|p1a: Skarmory|[from]Magic Bounce
|-sidestart|p1: OUmodsRfags|move: Stealth Rock
|
|turn|275


|c| usernameorname|random = luck + predict luck


|c| usernameorname|+ skill luck


|c|★Noobab|his skarm has no attacking moves lol


|choice||
|
|move|p1a: Skarmory|Defog|p2a: Creepy Mofo
|move|p2a: Creepy Mofo|Defog|p1a: Skarmory|[from]Magic Bounce
|-unboost|p1a: Skarmory|evasion|1
|-sideend|p1: OUmodsRfags|Stealth Rock|[from] move: Defog|[of] p1a: Skarmory
|move|p2a: Creepy Mofo|Knock Off|p1a: Skarmory
|-damage|p1a: Skarmory|85\/100
|
|turn|276


|choice||
|
|switch|p2a: Bad Ass the 3rd|Skarmory, F, shiny|100\/100
|move|p1a: Skarmory|Spikes|p2a: Bad Ass the 3rd
|-sidestart|p2: Noobab|Spikes
|
|turn|277


|choice||
|
|switch|p2a: Creepy Mofo|Sableye-Mega, M, shiny|53\/100
|-damage|p2a: Creepy Mofo|40\/100|[from] Spikes
|move|p1a: Skarmory|Stealth Rock|p2a: Creepy Mofo
|move|p2a: Creepy Mofo|Stealth Rock|p1a: Skarmory|[from]Magic Bounce
|-sidestart|p1: OUmodsRfags|move: Stealth Rock
|
|turn|278


|choice||
|
|move|p1a: Skarmory|Defog|p2a: Creepy Mofo
|move|p2a: Creepy Mofo|Defog|p1a: Skarmory|[from]Magic Bounce
|-unboost|p1a: Skarmory|evasion|1
|-sideend|p1: OUmodsRfags|Stealth Rock|[from] move: Defog|[of] p1a: Skarmory
|-sideend|p2: Noobab|Spikes|[from] move: Defog|[of] p2a: Creepy Mofo
|move|p2a: Creepy Mofo|Will-O-Wisp|p1a: Skarmory
|-status|p1a: Skarmory|brn
|
|-damage|p1a: Skarmory|73\/100 brn|[from] brn
|turn|279


|choice||
|
|switch|p1a: Sableye|Sableye-Mega, M|81\/100
|move|p2a: Creepy Mofo|Recover|p2a: Creepy Mofo
|-heal|p2a: Creepy Mofo|91\/100
|
|turn|280


|choice||
|
|switch|p2a: King Zappy|Zapdos, shiny|100\/100 slp
|switch|p1a: Chansey|Chansey, F|91\/100
|
|turn|281


|choice||
|
|switch|p2a: Chan C Da Fan C|Chansey, F, shiny|59\/100
|move|p1a: Chansey|Heal Bell|p1a: Chansey
|-activate|p1a: Chansey|move: Heal Bell
|-curestatus|p1: Skarmory|brn|[msg]
|
|turn|282


|choice||
|
|switch|p1a: Sableye|Sableye-Mega, M|81\/100
|switch|p2a: King Zappy|Zapdos, shiny|100\/100 slp
|
|turn|283


|choice||
|
|cant|p2a: King Zappy|slp
|move|p1a: Sableye|Knock Off|p2a: King Zappy
|-damage|p2a: King Zappy|81\/100 slp
|
|turn|284


|choice||
|
|switch|p2a: Creepy Mofo|Sableye-Mega, M, shiny|91\/100
|switch|p1a: Quagsire|Quagsire, F, shiny|100\/100
|
|turn|285


|choice||
|
|switch|p2a: King Zappy|Zapdos, shiny|81\/100 slp
|move|p1a: Quagsire|Scald|p2a: King Zappy
|-damage|p2a: King Zappy|67\/100 slp
|
|turn|286


|c| tabl|what kind of music do you use for stall games?


|choice||
|
|switch|p1a: Amoonguss|Amoonguss, M|100\/100
|-curestatus|p2a: King Zappy|slp|[msg]
|move|p2a: King Zappy|Heat Wave|p1a: Amoonguss
|-supereffective|p1a: Amoonguss
|-damage|p1a: Amoonguss|68\/100
|
|turn|287


|c|★Noobab|hip hop obviously man


|choice||
|
|switch|p2a: Chan C Da Fan C|Chansey, F, shiny|59\/100
|switch|p1a: Chansey|Chansey, F|91\/100
|
|turn|288


|choice||
|
|switch|p2a: Creepy Mofo|Sableye-Mega, M, shiny|91\/100
|move|p1a: Chansey|Toxic|p2a: Creepy Mofo
|move|p2a: Creepy Mofo|Toxic|p1a: Chansey|[from]Magic Bounce
|-status|p1a: Chansey|tox
|
|-damage|p1a: Chansey|85\/100 tox|[from] psn
|turn|289


|choice||
|
|-curestatus|p1a: Chansey|tox|[from] ability: Natural Cure
|switch|p1a: Sableye|Sableye-Mega, M|81\/100
|switch|p2a: King Zappy|Zapdos, shiny|67\/100
|
|turn|290


|choice||
|
|switch|p2a: Creepy Mofo|Sableye-Mega, M, shiny|91\/100
|switch|p1a: Amoonguss|Amoonguss, M|100\/100
|
|turn|291


|j|aravar27


|c|★Noobab|u know them DOOF DOOF music


|choice||
|
|switch|p1a: Sableye|Sableye-Mega, M|81\/100
|switch|p2a: King Zappy|Zapdos, shiny|67\/100
|
|turn|292


|choice||
|
|switch|p2a: Creepy Mofo|Sableye-Mega, M, shiny|91\/100
|move|p1a: Sableye|Knock Off|p2a: Creepy Mofo
|-damage|p2a: Creepy Mofo|72\/100
|
|turn|293


|c| usernameorname|opera + stall = hell?


|c| tabl|I prefer opera, yea

|inactive|Noobab has 120 seconds left.


|c| usernameorname|2 hours opera + stall ._.


|choice||
|
|switch|p2a: King Zappy|Zapdos, shiny|67\/100
|move|p1a: Sableye|Knock Off|p2a: King Zappy
|-damage|p2a: King Zappy|48\/100
|
|turn|294


|c|★Noobab|really?


|choice||
|
|switch|p2a: Creepy Mofo|Sableye-Mega, M, shiny|72\/100
|move|p1a: Sableye|Knock Off|p2a: Creepy Mofo
|-damage|p2a: Creepy Mofo|53\/100
|
|turn|295


|choice||
|
|switch|p2a: King Zappy|Zapdos, shiny|48\/100
|move|p1a: Sableye|Knock Off|p2a: King Zappy
|-damage|p2a: King Zappy|27\/100
|
|turn|296


|choice||
|
|switch|p1a: Skarmory|Skarmory, F, shiny|73\/100
|move|p2a: King Zappy|Rest|p2a: King Zappy
|-status|p2a: King Zappy|slp
|-heal|p2a: King Zappy|100\/100 slp|[silent]
|-status|p2a: King Zappy|slp|[from] move: Rest
|
|turn|297


|c| tabl|it **intensifies** the battle


|c|★Noobab|ok


|choice||
|
|switch|p2a: Creepy Mofo|Sableye-Mega, M, shiny|53\/100
|move|p1a: Skarmory|Roost|p1a: Skarmory
|-heal|p1a: Skarmory|100\/100
|
|turn|298


|choice||
|
|switch|p1a: Alomomola|Alomomola, F, shiny|100\/100
|switch|p2a: Bad Ass the 3rd|Skarmory, F, shiny|100\/100
|
|turn|299


|choice||
|
|switch|p2a: King Zappy|Zapdos, shiny|100\/100 slp
|move|p1a: Alomomola|Scald|p2a: King Zappy
|-damage|p2a: King Zappy|90\/100 slp
|
|turn|300


|choice||
|
|cant|p2a: King Zappy|slp
|move|p1a: Alomomola|Scald|p2a: King Zappy
|-damage|p2a: King Zappy|81\/100 slp
|
|turn|301


|l|ShinyCXY


|c| usernameorname|\/me used Yawwwwwwwwwwwwwwwwwwwwwwwn


|choice||
|
|switch|p2a: Chan C Da Fan C|Chansey, F, shiny|59\/100
|switch|p1a: Amoonguss|Amoonguss, M|100\/100
|
|turn|302


|c| tabl|yawns are contagious


|choice||
|
|switch|p2a: King Zappy|Zapdos, shiny|81\/100 slp
|move|p1a: Amoonguss|Clear Smog|p2a: King Zappy
|-damage|p2a: King Zappy|71\/100 slp
|-clearboost|p2a: King Zappy
|
|turn|303


|c| tabl|I'm feeling drowsy too


|c|★Noobab|they are


|c|★Noobab|indeed


|choice||
|
|switch|p2a: Chan C Da Fan C|Chansey, F, shiny|59\/100
|move|p1a: Amoonguss|Energy Ball|p2a: Chan C Da Fan C
|-damage|p2a: Chan C Da Fan C|51\/100
|
|turn|304


|choice||
|
|switch|p2a: King Zappy|Zapdos, shiny|71\/100 slp
|switch|p1a: Sableye|Sableye-Mega, M|81\/100
|
|turn|305


|choice||
|
|switch|p2a: Creepy Mofo|Sableye-Mega, M, shiny|53\/100
|move|p1a: Sableye|Knock Off|p2a: Creepy Mofo
|-damage|p2a: Creepy Mofo|33\/100
|
|turn|306


|choice||
|
|switch|p1a: Alomomola|Alomomola, F, shiny|100\/100
|move|p2a: Creepy Mofo|Recover|p2a: Creepy Mofo
|-heal|p2a: Creepy Mofo|83\/100
|
|turn|307


|choice||
|
|move|p1a: Alomomola|Scald|p2a: Creepy Mofo
|-damage|p2a: Creepy Mofo|72\/100
|-status|p2a: Creepy Mofo|brn
|move|p2a: Creepy Mofo|Knock Off|p1a: Alomomola
|-damage|p1a: Alomomola|92\/100
|-enditem|p1a: Alomomola|Leftovers|[from] move: Knock Off|[of] p2a: Creepy Mofo
|
|-damage|p2a: Creepy Mofo|60\/100 brn|[from] brn
|turn|308


|choice||
|
|switch|p2a: King Zappy|Zapdos, shiny|71\/100 slp
|move|p1a: Alomomola|Scald|p2a: King Zappy
|-damage|p2a: King Zappy|61\/100 slp
|
|turn|309


|choice||
|
|switch|p2a: Chan C Da Fan C|Chansey, F, shiny|51\/100
|move|p1a: Alomomola|Wish|p1a: Alomomola
|
|turn|310


|c|★Noobab|i bet the last move is protect


|choice||
|
|switch|p1a: Sableye|Sableye-Mega, M|81\/100
|switch|p2a: King Zappy|Zapdos, shiny|61\/100 slp
|
|-heal|p1a: Sableye|100\/100|[from] move: Wish|[wisher] Alomomola
|turn|311


|choice||
|
|switch|p1a: Chansey|Chansey, F|85\/100
|cant|p2a: King Zappy|slp
|
|turn|312


|choice||
|
|switch|p2a: Chan C Da Fan C|Chansey, F, shiny|51\/100
|switch|p1a: Amoonguss|Amoonguss, M|100\/100
|
|turn|313

|inactive|OUmodsRfags has 120 seconds left.


|choice||
|
|switch|p2a: King Zappy|Zapdos, shiny|61\/100 slp
|move|p1a: Amoonguss|Clear Smog|p2a: King Zappy
|-damage|p2a: King Zappy|51\/100 slp
|-clearboost|p2a: King Zappy
|
|turn|314


|c| usernameorname|epic battle


|choice||
|
|switch|p2a: Chan C Da Fan C|Chansey, F, shiny|51\/100
|switch|p1a: Chansey|Chansey, F|85\/100
|
|turn|315


|choice||
|
|move|p2a: Chan C Da Fan C|Wish|p2a: Chan C Da Fan C
|move|p1a: Chansey|Seismic Toss|p2a: Chan C Da Fan C
|-damage|p2a: Chan C Da Fan C|36\/100
|
|turn|316


|choice||
|
|switch|p2a: King Zappy|Zapdos, shiny|51\/100 slp
|move|p1a: Chansey|Seismic Toss|p2a: King Zappy
|-damage|p2a: King Zappy|25\/100 slp
|
|-heal|p2a: King Zappy|100\/100 slp|[from] move: Wish|[wisher] Chan C Da Fan C
|turn|317


|choice||
|
|switch|p2a: Bad Ass the 3rd|Skarmory, F, shiny|100\/100
|switch|p1a: Amoonguss|Amoonguss, M|100\/100
|
|turn|318


|l|aravar27


|c|★Noobab|u mean battle of epic proportions?


|choice||
|
|switch|p2a: King Zappy|Zapdos, shiny|100\/100 slp
|switch|p1a: Skarmory|Skarmory, F, shiny|100\/100
|
|turn|319


|choice||
|
|switch|p2a: Bad Ass the 3rd|Skarmory, F, shiny|100\/100
|switch|p1a: Chansey|Chansey, F|85\/100
|
|turn|320


|choice||
|
|switch|p2a: King Zappy|Zapdos, shiny|100\/100 slp
|move|p1a: Chansey|Toxic|p2a: King Zappy
|-fail|p2a: King Zappy
|
|turn|321

|inactive|Noobab has 120 seconds left.


|choice||
|
|switch|p2a: Bad Ass the 3rd|Skarmory, F, shiny|100\/100
|switch|p1a: Amoonguss|Amoonguss, M|100\/100
|
|turn|322


|choice||
|
|switch|p2a: King Zappy|Zapdos, shiny|100\/100 slp
|move|p1a: Amoonguss|Sludge Bomb|p2a: King Zappy
|-damage|p2a: King Zappy|81\/100 slp
|
|turn|323


|choice||
|
|switch|p2a: Chan C Da Fan C|Chansey, F, shiny|36\/100
|move|p1a: Amoonguss|Energy Ball|p2a: Chan C Da Fan C
|-damage|p2a: Chan C Da Fan C|28\/100
|
|turn|324


|choice||
|
|switch|p1a: Quagsire|Quagsire, F, shiny|100\/100
|move|p2a: Chan C Da Fan C|Soft-Boiled|p2a: Chan C Da Fan C
|-heal|p2a: Chan C Da Fan C|78\/100
|
|turn|325


|l|usernameorname


|choice||
|
|switch|p2a: King Zappy|Zapdos, shiny|81\/100 slp
|move|p1a: Quagsire|Earthquake|p2a: King Zappy
|-immune|p2a: King Zappy|[msg]
|
|turn|326

|raw|<div class="ladder"><table><tr><td colspan="8">User: <strong>oumodsrfags<\/strong><\/td><\/tr><tr><th>Format<\/th><th><abbr title="Elo rating">Elo<\/abbr><\/th><th><abbr title="user's percentage chance of winning a random battle (aka GLIXARE)">GXE<\/abbr><\/th><th><abbr title="Glicko-1 rating: rating±deviation">Glicko-1<\/abbr><\/th><th>COIL<\/th><th>W<\/th><th>L<\/th><th>Total<\/th><\/tr><tr><td>Balanced Hackmons<\/td><td><strong>1095<\/strong><\/td><td>28<small>.8%<\/small><\/td><td><em>1326<small> &#177; 74<\/small><\/em><\/td><td>--<\/td><td>0<\/td><td>0<\/td><td>0<\/td><\/tr><tr><td>OU<\/td><td><strong>1804<\/strong><\/td><td>82<small>.9%<\/small><\/td><td><em>1797<small> &#177; 26<\/small><\/em><\/td><td>--<\/td><td>142<\/td><td>61<\/td><td>203<\/td><\/tr><tr><td>UU (suspect test)<\/td><td><strong>1129<\/strong><\/td><td>50<small>.8%<\/small><\/td><td><em>1506<small> &#177; 57<\/small><\/em><\/td><td>1367<\/td><td>18<\/td><td>17<\/td><td>35<\/td><\/tr><\/table><\/div>

|raw|<div class="ladder"><table><tr><td colspan="8">User: <strong>noobab<\/strong><\/td><\/tr><tr><th>Format<\/th><th><abbr title="Elo rating">Elo<\/abbr><\/th><th><abbr title="user's percentage chance of winning a random battle (aka GLIXARE)">GXE<\/abbr><\/th><th><abbr title="Glicko-1 rating: rating±deviation">Glicko-1<\/abbr><\/th><th>COIL<\/th><th>W<\/th><th>L<\/th><th>Total<\/th><\/tr><tr><td>OU<\/td><td><strong>1734<\/strong><\/td><td>78<small>.8%<\/small><\/td><td><em>1749<small> &#177; 40<\/small><\/em><\/td><td>--<\/td><td>156<\/td><td>97<\/td><td>253<\/td><\/tr><tr><td>Random Battle<\/td><td><strong>1115<\/strong><\/td><td>53<small>.2%<\/small><\/td><td><em>1525<small> &#177; 91<\/small><\/em><\/td><td>--<\/td><td>5<\/td><td>4<\/td><td>9<\/td><\/tr><tr><td>VGC 2016<\/td><td><strong>1313<\/strong><\/td><td>55<small>.0%<\/small><\/td><td><em>1538<small> &#177; 43<\/small><\/em><\/td><td>--<\/td><td>29<\/td><td>18<\/td><td>47<\/td><\/tr><\/table><\/div>


|c| tabl|r.i.p username


|c|★Noobab|lol


|choice||
|
|switch|p2a: Chan C Da Fan C|Chansey, F, shiny|78\/100
|switch|p1a: Amoonguss|Amoonguss, M|100\/100
|
|turn|327


|c| JsKingBoo|keep dugtrio legal 2k16


|c| tabl|couldn't take it any longer


|choice||
|
|switch|p2a: King Zappy|Zapdos, shiny|81\/100 slp
|switch|p1a: Sableye|Sableye-Mega, M|100\/100
|
|turn|328


|c|★Noobab|indeed


|choice||
|
|switch|p1a: Amoonguss|Amoonguss, M|100\/100
|-curestatus|p2a: King Zappy|slp|[msg]
|move|p2a: King Zappy|Heat Wave|p1a: Amoonguss
|-supereffective|p1a: Amoonguss
|-damage|p1a: Amoonguss|66\/100
|
|turn|329


|choice||
|
|switch|p2a: Bad Ass the 3rd|Skarmory, F, shiny|100\/100
|move|p1a: Amoonguss|Clear Smog|p2a: Bad Ass the 3rd
|-immune|p2a: Bad Ass the 3rd|[msg]
|
|turn|330


|choice||
|
|switch|p2a: King Zappy|Zapdos, shiny|81\/100
|switch|p1a: Skarmory|Skarmory, F, shiny|100\/100
|
|turn|331


|choice||
|
|switch|p2a: Bad Ass the 3rd|Skarmory, F, shiny|100\/100
|switch|p1a: Sableye|Sableye-Mega, M|100\/100
|
|turn|332


|choice||
|
|switch|p2a: King Zappy|Zapdos, shiny|81\/100
|switch|p1a: Skarmory|Skarmory, F, shiny|100\/100
|
|turn|333

|inactive|Noobab has 120 seconds left.


|choice||
|
|switch|p2a: Bad Ass the 3rd|Skarmory, F, shiny|100\/100
|move|p1a: Skarmory|Stealth Rock|p2a: Bad Ass the 3rd
|-sidestart|p2: Noobab|move: Stealth Rock
|
|turn|334

|inactive|OUmodsRfags has 120 seconds left.


|choice||
|
|move|p1a: Skarmory|Spikes|p2a: Bad Ass the 3rd
|-sidestart|p2: Noobab|Spikes
|move|p2a: Bad Ass the 3rd|Defog|p1a: Skarmory
|-unboost|p1a: Skarmory|evasion|1
|-sideend|p2: Noobab|Spikes|[from] move: Defog|[of] p2a: Bad Ass the 3rd
|-sideend|p2: Noobab|Stealth Rock|[from] move: Defog|[of] p2a: Bad Ass the 3rd
|
|turn|335


|j|OHKOavery


|choice||
|
|switch|p2a: King Zappy|Zapdos, shiny|81\/100
|switch|p1a: Sableye|Sableye-Mega, M|100\/100
|
|turn|336


|j|CaptainSaturn


|choice||
|
|switch|p2a: Bad Ass the 3rd|Skarmory, F, shiny|100\/100
|switch|p1a: Amoonguss|Amoonguss, M|99\/100
|
|turn|337


|l|OHKOavery


|choice||
|
|switch|p2a: I'm Sexy AF|Clefable, M, shiny|78\/100
|move|p1a: Amoonguss|Clear Smog|p2a: I'm Sexy AF
|-supereffective|p2a: I'm Sexy AF
|-damage|p2a: I'm Sexy AF|55\/100
|-clearboost|p2a: I'm Sexy AF
|
|-heal|p2a: I'm Sexy AF|61\/100|[from] item: Leftovers
|turn|338


|l|CaptainSaturn


|j|Gangarli

|inactive|OUmodsRfags has 120 seconds left.


|choice||
|
|switch|p2a: King Zappy|Zapdos, shiny|81\/100
|switch|p1a: Alomomola|Alomomola, F, shiny|100\/100
|
|turn|339


|j|Bionicbacca


|j|Xsage93


|j|Ransei


|choice||
|
|switch|p2a: I'm Sexy AF|Clefable, M, shiny|61\/100
|move|p1a: Alomomola|Toxic|p2a: I'm Sexy AF
|-status|p2a: I'm Sexy AF|tox
|
|-heal|p2a: I'm Sexy AF|68\/100 tox|[from] item: Leftovers
|-damage|p2a: I'm Sexy AF|61\/100 tox|[from] psn
|turn|340


|j|Valkyrion Mag


|c| Gangarli|25 years later


|l|Ransei


|choice||
|
|switch|p2a: King Zappy|Zapdos, shiny|81\/100
|switch|p1a: Skarmory|Skarmory, F, shiny|100\/100
|
|turn|341


|j|Meteorofdoom


|c| Xsage93|:^)


|j|MyLittleKeldeo


|l|Gangarli


|j|Lily Demon

|inactive|Noobab has 120 seconds left.


|j|The Original Hero


|c| Valkyrion Mag|Thisll be a pokemon battle of two centuries, lol.

|inactive|Noobab has 90 seconds left.


|choice||
|
|switch|p2a: Bad Ass the 3rd|Skarmory, F, shiny|100\/100
|switch|p1a: Quagsire|Quagsire, F, shiny|100\/100
|
|turn|342


|c| The Original Hero|Fucking Stall


|l|Meteorofdoom


|choice||
|
|switch|p2a: King Zappy|Zapdos, shiny|81\/100
|switch|p1a: Skarmory|Skarmory, F, shiny|100\/100
|
|turn|343


|choice||
|
|switch|p2a: Bad Ass the 3rd|Skarmory, F, shiny|100\/100
|move|p1a: Skarmory|Stealth Rock|p2a: Bad Ass the 3rd
|-sidestart|p2: Noobab|move: Stealth Rock
|
|turn|344


|c| tabl|Pu stall>Ou stall


|choice||
|
|move|p1a: Skarmory|Spikes|p2a: Bad Ass the 3rd
|-sidestart|p2: Noobab|Spikes
|move|p2a: Bad Ass the 3rd|Whirlwind|p1a: Skarmory
|drag|p1a: Amoonguss|Amoonguss, M|100\/100
|
|turn|345


|choice||
|
|switch|p1a: Skarmory|Skarmory, F, shiny|100\/100
|move|p2a: Bad Ass the 3rd|Defog|p1a: Skarmory
|-unboost|p1a: Skarmory|evasion|1
|-sideend|p2: Noobab|Spikes|[from] move: Defog|[of] p2a: Bad Ass the 3rd
|-sideend|p2: Noobab|Stealth Rock|[from] move: Defog|[of] p2a: Bad Ass the 3rd
|
|turn|346


|c| Xsage93|Tropius stalls lol


|choice||
|
|switch|p1a: Sableye|Sableye-Mega, M|100\/100
|switch|p2a: Creepy Mofo|Sableye-Mega, M, shiny|60\/100 brn
|
|-damage|p2a: Creepy Mofo|47\/100 brn|[from] brn
|turn|347


|choice||
|
|switch|p2a: King Zappy|Zapdos, shiny|81\/100
|switch|p1a: Skarmory|Skarmory, F, shiny|100\/100
|
|turn|348


|c| tabl|the good thing about pu stall is Facade Raticate just kills it


|choice||
|
|switch|p1a: Amoonguss|Amoonguss, M|100\/100
|move|p2a: King Zappy|Volt Switch|p1a: Amoonguss
|-resisted|p1a: Amoonguss
|-damage|p1a: Amoonguss|91\/100


|choice||
|
|switch|p2a: Bad Ass the 3rd|Skarmory, F, shiny|100\/100
|
|turn|349


|c|★Noobab|really?


|choice||
|
|switch|p2a: King Zappy|Zapdos, shiny|81\/100
|switch|p1a: Skarmory|Skarmory, F, shiny|100\/100
|
|turn|350


|choice||
|
|switch|p2a: Bad Ass the 3rd|Skarmory, F, shiny|100\/100
|switch|p1a: Amoonguss|Amoonguss, M|100\/100
|
|turn|351


|c| tabl|on my alt I used a team centered around facade raticate


|c| tabl|it got me to 1540


|l|The Original Hero


|c|★Noobab|not bad


|c| tabl|then I added floatzel and it got me to 1594


|choice||
|
|switch|p2a: King Zappy|Zapdos, shiny|81\/100
|switch|p1a: Sableye|Sableye-Mega, M|100\/100
|
|turn|352


|c|★Noobab|damn son


|c| tabl|but I tried a top 10 ladder run and lost lots of rating lol


|c| tabl|like I told you earlier


|choice||
|
|switch|p1a: Amoonguss|Amoonguss, M|100\/100
|move|p2a: King Zappy|Rest|p2a: King Zappy
|-status|p2a: King Zappy|slp
|-heal|p2a: King Zappy|100\/100 slp|[silent]
|-status|p2a: King Zappy|slp|[from] move: Rest
|
|turn|353


|choice||
|
|switch|p2a: Bad Ass the 3rd|Skarmory, F, shiny|100\/100
|switch|p1a: Skarmory|Skarmory, F, shiny|100\/100
|
|turn|354


|c| Xsage93|tabl, try for the 2000 dream?


|c| tabl|pu doesn't even go to 1800s


|choice||
|
|switch|p1a: Sableye|Sableye-Mega, M|100\/100
|switch|p2a: I'm Sexy AF|Clefable, M, shiny|61\/100 tox
|
|-heal|p2a: I'm Sexy AF|68\/100 tox|[from] item: Leftovers
|-damage|p2a: I'm Sexy AF|61\/100 tox|[from] psn
|turn|355


|c| tabl|having 1500s in pu is already very good I think


|choice||
|
|switch|p2a: King Zappy|Zapdos, shiny|100\/100 slp
|move|p1a: Sableye|Knock Off|p2a: King Zappy
|-damage|p2a: King Zappy|80\/100 slp
|
|turn|356


|c| tabl|2000s is pretty much impossible right now :(


|c| Xsage93|rip


|choice||
|
|switch|p1a: Skarmory|Skarmory, F, shiny|100\/100
|cant|p2a: King Zappy|slp
|
|turn|357


|c|★Noobab|why is 2000 impossible?


|c| Xsage93|Not enough ppl, I guess.


|choice||
|
|switch|p2a: I'm Sexy AF|Clefable, M, shiny|61\/100 tox
|move|p1a: Skarmory|Stealth Rock|p2a: I'm Sexy AF
|-sidestart|p2: Noobab|move: Stealth Rock
|
|-heal|p2a: I'm Sexy AF|68\/100 tox|[from] item: Leftovers
|-damage|p2a: I'm Sexy AF|61\/100 tox|[from] psn
|turn|358


|c| tabl|if you check pu ladder, top players are 1700s


|choice||
|
|switch|p1a: Quagsire|Quagsire, F, shiny|100\/100
|move|p2a: I'm Sexy AF|Heal Bell|p2a: I'm Sexy AF
|-activate|p2a: I'm Sexy AF|move: Heal Bell
|-curestatus|p2a: I'm Sexy AF|tox|[msg]
|-curestatus|p2: Creepy Mofo|brn|[msg]
|-curestatus|p2: King Zappy|slp|[msg]
|
|-heal|p2a: I'm Sexy AF|68\/100|[from] item: Leftovers
|turn|359


|c| JsKingBoo|OUmodsRfags winning the hazard war HARD


|c|★Noobab|nah man


|c|★Noobab|not even close

|inactive|OUmodsRfags has 120 seconds left.


|choice||
|
|switch|p2a: King Zappy|Zapdos, shiny|80\/100
|-damage|p2a: King Zappy|55\/100|[from] Stealth Rock
|move|p1a: Quagsire|Scald|p2a: King Zappy
|-damage|p2a: King Zappy|42\/100
|
|turn|360


|c| JsKingBoo|he has more defogs than u do


|choice||
|
|switch|p2a: Bad Ass the 3rd|Skarmory, F, shiny|100\/100
|-damage|p2a: Bad Ass the 3rd|88\/100|[from] Stealth Rock
|move|p1a: Quagsire|Scald|p2a: Bad Ass the 3rd
|-damage|p2a: Bad Ass the 3rd|59\/100
|-status|p2a: Bad Ass the 3rd|brn
|
|-damage|p2a: Bad Ass the 3rd|47\/100 brn|[from] brn
|turn|361


|choice||
|
|move|p2a: Bad Ass the 3rd|Defog|p1a: Quagsire
|-unboost|p1a: Quagsire|evasion|1
|-sideend|p2: Noobab|Stealth Rock|[from] move: Defog|[of] p2a: Bad Ass the 3rd
|move|p1a: Quagsire|Scald|p2a: Bad Ass the 3rd
|-damage|p2a: Bad Ass the 3rd|21\/100 brn
|
|-damage|p2a: Bad Ass the 3rd|9\/100 brn|[from] brn
|turn|362


|choice||
|
|switch|p2a: I'm Sexy AF|Clefable, M, shiny|68\/100
|move|p1a: Quagsire|Scald|p2a: I'm Sexy AF
|-damage|p2a: I'm Sexy AF|54\/100
|-status|p2a: I'm Sexy AF|brn
|
|-heal|p2a: I'm Sexy AF|60\/100 brn|[from] item: Leftovers
|-damage|p2a: I'm Sexy AF|47\/100 brn|[from] brn
|turn|363


|choice||
|
|switch|p2a: Chan C Da Fan C|Chansey, F, shiny|78\/100
|switch|p1a: Skarmory|Skarmory, F, shiny|100\/100
|
|turn|364


|choice||
|
|move|p1a: Skarmory|Stealth Rock|p2a: Chan C Da Fan C
|-sidestart|p2: Noobab|move: Stealth Rock
|move|p2a: Chan C Da Fan C|Wish|p2a: Chan C Da Fan C
|
|turn|365


|choice||
|
|switch|p2a: I'm Sexy AF|Clefable, M, shiny|47\/100 brn
|-damage|p2a: I'm Sexy AF|35\/100 brn|[from] Stealth Rock
|move|p1a: Skarmory|Spikes|p2a: I'm Sexy AF
|-sidestart|p2: Noobab|Spikes
|
|-heal|p2a: I'm Sexy AF|100\/100 brn|[from] move: Wish|[wisher] Chan C Da Fan C
|-damage|p2a: I'm Sexy AF|88\/100 brn|[from] brn
|turn|366


|c| tabl|wow rip


|c| tabl|gg


|c| JsKingBoo|gg


|c|★Noobab|not yet


|c| JsKingBoo|true

|inactive|OUmodsRfags has 120 seconds left.


|c| JsKingBoo|it isn't over until the fat lady sings


|c| Xsage93|Just remember, Chansey = Lucky


|c| Xsage93|:^)


|choice||
|
|switch|p1a: Amoonguss|Amoonguss, M|100\/100
|move|p2a: I'm Sexy AF|Heal Bell|p2a: I'm Sexy AF
|-activate|p2a: I'm Sexy AF|move: Heal Bell
|-curestatus|p2a: I'm Sexy AF|brn|[msg]
|-curestatus|p2: Bad Ass the 3rd|brn|[msg]
|
|-heal|p2a: I'm Sexy AF|94\/100|[from] item: Leftovers
|turn|367


|c| JsKingBoo|skarm takes 12% from SR, IIRC


|choice||
|
|switch|p2a: Chan C Da Fan C|Chansey, F, shiny|78\/100
|-damage|p2a: Chan C Da Fan C|66\/100|[from] Stealth Rock
|-damage|p2a: Chan C Da Fan C|53\/100|[from] Spikes
|move|p1a: Amoonguss|Foul Play|p2a: Chan C Da Fan C
|-damage|p2a: Chan C Da Fan C|52\/100
|
|turn|368


|choice||
|
|switch|p1a: Sableye|Sableye-Mega, M|100\/100
|move|p2a: Chan C Da Fan C|Stealth Rock|p1a: Sableye
|move|p1a: Sableye|Stealth Rock|p2a: Chan C Da Fan C|[from]Magic Bounce
|-fail|p2a: Chan C Da Fan C
|
|turn|369


|choice||
|
|move|p2a: Chan C Da Fan C|Stealth Rock|p1a: Sableye
|move|p1a: Sableye|Stealth Rock|p2a: Chan C Da Fan C|[from]Magic Bounce
|-fail|p2a: Chan C Da Fan C
|move|p1a: Sableye|Knock Off|p2a: Chan C Da Fan C
|-damage|p2a: Chan C Da Fan C|34\/100
|-enditem|p2a: Chan C Da Fan C|Eviolite|[from] move: Knock Off|[of] p1a: Sableye
|
|turn|370


|choice||
|
|move|p2a: Chan C Da Fan C|Soft-Boiled|p2a: Chan C Da Fan C
|-heal|p2a: Chan C Da Fan C|84\/100
|move|p1a: Sableye|Toxic|p2a: Chan C Da Fan C
|-status|p2a: Chan C Da Fan C|tox
|
|-damage|p2a: Chan C Da Fan C|78\/100 tox|[from] psn
|turn|371


|c| Zigzagoon 14|oh shit turn 369


|choice||
|
|-curestatus|p2a: Chan C Da Fan C|tox|[from] ability: Natural Cure
|switch|p2a: King Zappy|Zapdos, shiny|42\/100
|-damage|p2a: King Zappy|17\/100|[from] Stealth Rock
|move|p1a: Sableye|Knock Off|p2a: King Zappy
|-damage|p2a: King Zappy|0 fnt
|faint|p2a: King Zappy
|


|c| Zigzagoon 14|YUGE


|c|★Noobab|gg


|c| JsKingBoo|if it wasn't gg before


|c|★Noobab|i fucked up


|c| JsKingBoo|it's GG now


|-message|Noobab forfeited.


|
|win|OUmodsRfags

||Ladder updating...


|player|p1


|player|p2


|l|Noobab

|inactive|Player 2 disconnected and has a minute to reconnect!


||Ladder (probably) updated, but score could not be retrieved (Response not received).


|l|Xsage93


|l|Cracticus♬
</script>
</div>
<div class="battle-log battle-log-inline"><div class="inner"><div class="chat"><small>OUmodsRfags joined.</small></div><div class="chat"><small>Noobab joined.</small></div><div style="padding:5px 0"><small>Format:</small> <br><strong>OU</strong></div><div class="rated"><strong>Rated battle</strong></div><div><small><em>Swagger Clause:</em> Swagger is banned</small></div><div><small><em>Baton Pass Clause:</em> Limit one Baton Passer, can't pass Spe and other stats simultaneously</small></div><div><small><em>Sleep Clause Mod:</em> Limit one foe put to sleep</small></div><div><small><em>Species Clause:</em> Limit one of each Pokémon</small></div><div><small><em>OHKO Clause:</em> OHKO moves are banned</small></div><div><small><em>Moody Clause:</em> Moody is banned</small></div><div><small><em>Evasion Moves Clause:</em> Evasion moves are banned</small></div><div><small><em>Endless Battle Clause:</em> Forcing endless battles is banned</small></div><div><small><em>HP Percentage Mod:</em> HP is shown in percentages</small></div><div class="chat"><strong>OUmodsRfags's team:</strong> <em style="color:#445566;display:block;">Chansey / Quagsire / Alomomola / Amoonguss / Sableye / Skarmory</em></div><div class="chat"><strong>Noobab's team:</strong> <em style="color:#445566;display:block;">Chansey / Skarmory / Sableye / Clefable / Quagsire / Zapdos</em></div><div class="chat chatmessage-noobab"><strong style="color:hsl(187,78%,40%);"><small>★</small><span class="username" data-name="Noobab">Noobab</span>:</strong> <em>oh shit</em></div><div class="chat chatmessage-noobab"><strong style="color:hsl(187,78%,40%);"><small>★</small><span class="username" data-name="Noobab">Noobab</span>:</strong> <em>here we go</em></div><div class="chat chatmessage-noobab"><strong style="color:hsl(187,78%,40%);"><small>★</small><span class="username" data-name="Noobab">Noobab</span>:</strong> <em>i like this a lot</em></div><div class="chat chatmessage-noobab"><strong style="color:hsl(187,78%,40%);"><small>★</small><span class="username" data-name="Noobab">Noobab</span>:</strong> <em>good thing i carried hp grass on zapdos for these occasions</em></div><div>Battle between OUmodsRfags and Noobab started!</div><div class="spacer"></div><div>Go! Sableye!</div><div class="spacer"></div><div>Noobab sent out Creepy Mofo <small>(Sableye)</small>!</div><h2>Turn 1</h2><div class="chat"><small>grapezzzz19 joined.</small></div><div class="spacer"></div><div><small>The opposing Creepy Mofo's Sablenite is reacting to Noobab's Mega Bracelet!<br>The opposing Creepy Mofo has Mega Evolved into Mega Sableye!</small></div><div class="spacer"></div><div><small>Sableye's Sablenite is reacting to OUmodsRfags's Mega Bracelet!<br>Sableye has Mega Evolved into Mega Sableye!</small></div><div class="spacer"></div><div>The opposing Creepy Mofo used <strong>Knock Off</strong>!</div><div><small>Sableye lost 14% of its health!</small><br></div><div class="spacer"></div><div>Sableye used <strong>Knock Off</strong>!</div><div><small>The opposing Creepy Mofo lost 17% of its health!</small><br></div><h2>Turn 2</h2><div class="spacer"></div><div>Sableye, come back!</div><div class="spacer"></div><div>Go! Skarmory!</div><div class="spacer"></div><div>The opposing Creepy Mofo used <strong>Knock Off</strong>!</div><div><small>A critical hit! </small><small>Skarmory lost 34% of its health!</small><br></div><div><small>The opposing Creepy Mofo knocked off Skarmory's Shed Shell!</small></div><h2>Turn 3</h2><div class="spacer"></div><div>Skarmory, come back!</div><div class="spacer"></div><div>Go! Sableye <small>(Sableye-Mega)</small>!</div><div class="spacer"></div><div>The opposing Creepy Mofo used <strong>Knock Off</strong>!</div><div><small>Sableye lost 14% of its health!</small><br></div><h2>Turn 4</h2><div class="spacer"></div><div>Noobab withdrew Creepy Mofo <small>(Sableye-Mega)</small>!</div><div class="spacer"></div><div>Noobab sent out King Zappy <small>(Zapdos)</small>!</div><div class="spacer"></div><div>Sableye used <strong>Knock Off</strong>!</div><div><small>The opposing King Zappy lost 31% of its health!</small><br></div><div><small>[Opposing King Zappy's Static!]</small></div><div><small>Sableye is paralyzed! It may be unable to move!</small></div><div><small>Sableye knocked off the opposing King Zappy's Leftovers!</small></div><h2>Turn 5</h2><div class="spacer"></div><div>Sableye, come back!</div><div class="spacer"></div><div>Go! Chansey!</div><div class="spacer"></div><div>The opposing King Zappy used <strong>Rest</strong>!</div><div><small>The opposing King Zappy fell asleep!</small></div><div><small>The opposing King Zappy slept and became healthy!</small></div><h2>Turn 6</h2><div class="spacer"></div><div>Noobab withdrew King Zappy <small>(Zapdos)</small>!</div><div class="spacer"></div><div>Noobab sent out Creepy Mofo <small>(Sableye-Mega)</small>!</div><div class="spacer"></div><div>Chansey used <strong>Heal Bell</strong>!</div><div><small>A bell chimed!</small></div><div><small>Sableye was cured of paralysis.</small></div><h2>Turn 7</h2><div class="spacer"></div><div>Chansey, come back!</div><div class="spacer"></div><div>Go! Sableye <small>(Sableye-Mega)</small>!</div><div class="spacer"></div><div>Noobab withdrew Creepy Mofo <small>(Sableye-Mega)</small>!</div><div class="spacer"></div><div>Noobab sent out King Zappy <small>(Zapdos)</small>!</div><h2>Turn 8</h2><div class="spacer"></div><div>Sableye, come back!</div><div class="spacer"></div><div>Go! Amoonguss!</div><div class="spacer"></div><div>The opposing King Zappy is fast asleep.</div><h2>Turn 9</h2><div class="spacer"></div><div>Noobab withdrew King Zappy <small>(Zapdos)</small>!</div><div class="spacer"></div><div>Noobab sent out Bad Ass the 3rd <small>(Skarmory)</small>!</div><div class="spacer"></div><div>Amoonguss, come back!</div><div class="spacer"></div><div>Go! Chansey!</div><h2>Turn 10</h2><div class="spacer"></div><div>Noobab withdrew Bad Ass the 3rd <small>(Skarmory)</small>!</div><div class="spacer"></div><div>Noobab sent out Creepy Mofo <small>(Sableye-Mega)</small>!</div><div class="spacer"></div><div>Chansey, come back!</div><div class="spacer"></div><div>Go! Sableye <small>(Sableye-Mega)</small>!</div><h2>Turn 11</h2><div class="spacer"></div><div>Noobab withdrew Creepy Mofo <small>(Sableye-Mega)</small>!</div><div class="spacer"></div><div>Noobab sent out Bad Ass the 3rd <small>(Skarmory)</small>!</div><div class="spacer"></div><div>Sableye used <strong>Recover</strong>!</div><div><small>Sableye restored its HP.</small></div><h2>Turn 12</h2><div class="spacer"></div><div>Noobab withdrew Bad Ass the 3rd <small>(Skarmory)</small>!</div><div class="spacer"></div><div>Noobab sent out King Zappy <small>(Zapdos)</small>!</div><div class="spacer"></div><div>Sableye, come back!</div><div class="spacer"></div><div>Go! Skarmory!</div><h2>Turn 13</h2><div class="spacer"></div><div>Noobab withdrew King Zappy <small>(Zapdos)</small>!</div><div class="spacer"></div><div>Noobab sent out Bad Ass the 3rd <small>(Skarmory)</small>!</div><div class="spacer"></div><div>Skarmory, come back!</div><div class="spacer"></div><div>Go! Amoonguss!</div><h2>Turn 14</h2><div class="spacer"></div><div>Noobab withdrew Bad Ass the 3rd <small>(Skarmory)</small>!</div><div class="spacer"></div><div>Noobab sent out King Zappy <small>(Zapdos)</small>!</div><div class="spacer"></div><div>Amoonguss, come back!</div><div class="spacer"></div><div>Go! Skarmory!</div><h2>Turn 15</h2><div class="chat"><small>Hadak Ura joined.</small></div><div class="spacer"></div><div>Noobab withdrew King Zappy <small>(Zapdos)</small>!</div><div class="spacer"></div><div>Noobab sent out Bad Ass the 3rd <small>(Skarmory)</small>!</div><div class="spacer"></div><div>Skarmory, come back!</div><div class="spacer"></div><div>Go! Amoonguss!</div><h2>Turn 16</h2><div class="chat"><small>Hadak Ura left.</small></div><div class="spacer"></div><div>Noobab withdrew Bad Ass the 3rd <small>(Skarmory)</small>!</div><div class="spacer"></div><div>Noobab sent out King Zappy <small>(Zapdos)</small>!</div><div class="spacer"></div><div>Amoonguss, come back!</div><div class="spacer"></div><div>Go! Sableye <small>(Sableye-Mega)</small>!</div><h2>Turn 17</h2><div class="spacer"></div><div>The opposing King Zappy is fast asleep.</div><div class="spacer"></div><div>Sableye used <strong>Knock Off</strong>!</div><div><small>The opposing King Zappy lost 19% of its health!</small><br></div><h2>Turn 18</h2><div class="spacer"></div><div>Sableye, come back!</div><div class="spacer"></div><div>Go! Amoonguss!</div><div><small>The opposing King Zappy woke up!</small></div><div class="spacer"></div><div>The opposing King Zappy used <strong>Volt Switch</strong>!</div><div><small>It's not very effective... </small><small>Amoonguss lost 9% of its health!</small><br></div><div class="spacer"></div><div>The opposing King Zappy went back to Noobab!</div><div class="spacer"></div><div>Noobab sent out Creepy Mofo <small>(Sableye-Mega)</small>!</div><h2>Turn 19</h2><div class="spacer"></div><div>Amoonguss, come back!</div><div class="spacer"></div><div>Go! Skarmory!</div><div class="spacer"></div><div>Noobab withdrew Creepy Mofo <small>(Sableye-Mega)</small>!</div><div class="spacer"></div><div>Noobab sent out King Zappy <small>(Zapdos)</small>!</div><h2>Turn 20</h2><div class="spacer"></div><div>Noobab withdrew King Zappy <small>(Zapdos)</small>!</div><div class="spacer"></div><div>Noobab sent out Creepy Mofo <small>(Sableye-Mega)</small>!</div><div class="spacer"></div><div>Skarmory, come back!</div><div class="spacer"></div><div>Go! Amoonguss!</div><h2>Turn 21</h2><div class="spacer"></div><div>Amoonguss, come back!</div><div class="spacer"></div><div>Go! Sableye <small>(Sableye-Mega)</small>!</div><div class="spacer"></div><div>Noobab withdrew Creepy Mofo <small>(Sableye-Mega)</small>!</div><div class="spacer"></div><div>Noobab sent out King Zappy <small>(Zapdos)</small>!</div><h2>Turn 22</h2><div class="spacer"></div><div>Noobab withdrew King Zappy <small>(Zapdos)</small>!</div><div class="spacer"></div><div>Noobab sent out Creepy Mofo <small>(Sableye-Mega)</small>!</div><div class="spacer"></div><div>Sableye, come back!</div><div class="spacer"></div><div>Go! Amoonguss!</div><h2>Turn 23</h2><div class="spacer"></div><div>Amoonguss, come back!</div><div class="spacer"></div><div>Go! Sableye <small>(Sableye-Mega)</small>!</div><div class="spacer"></div><div>Noobab withdrew Creepy Mofo <small>(Sableye-Mega)</small>!</div><div class="spacer"></div><div>Noobab sent out King Zappy <small>(Zapdos)</small>!</div><h2>Turn 24</h2><div class="spacer"></div><div>Sableye, come back!</div><div class="spacer"></div><div>Go! Amoonguss!</div><div class="spacer"></div><div>The opposing King Zappy used <strong>Volt Switch</strong>!</div><div><small>It's not very effective... </small><small>Amoonguss lost 9% of its health!</small><br></div><div class="spacer"></div><div>The opposing King Zappy went back to Noobab!</div><div class="spacer"></div><div>Noobab sent out I'm Lazy AF <small>(Quagsire)</small>!</div><h2>Turn 25</h2><div class="chat"><small>grapezzzz19 left.</small></div><div class="spacer"></div><div>Noobab withdrew I'm Lazy AF <small>(Quagsire)</small>!</div><div class="spacer"></div><div>Noobab sent out King Zappy <small>(Zapdos)</small>!</div><div class="spacer"></div><div>Amoonguss, come back!</div><div class="spacer"></div><div>Go! Chansey!</div><h2>Turn 26</h2><div class="spacer"></div><div>Noobab withdrew King Zappy <small>(Zapdos)</small>!</div><div class="spacer"></div><div>Noobab sent out Creepy Mofo <small>(Sableye-Mega)</small>!</div><div class="spacer"></div><div>Chansey, come back!</div><div class="spacer"></div><div>Go! Amoonguss!</div><h2>Turn 27</h2><div class="spacer"></div><div>Amoonguss, come back!</div><div class="spacer"></div><div>Go! Sableye <small>(Sableye-Mega)</small>!</div><div class="spacer"></div><div>Noobab withdrew Creepy Mofo <small>(Sableye-Mega)</small>!</div><div class="spacer"></div><div>Noobab sent out King Zappy <small>(Zapdos)</small>!</div><h2>Turn 28</h2><div class="spacer"></div><div>Noobab withdrew King Zappy <small>(Zapdos)</small>!</div><div class="spacer"></div><div>Noobab sent out Creepy Mofo <small>(Sableye-Mega)</small>!</div><div class="spacer"></div><div>Sableye, come back!</div><div class="spacer"></div><div>Go! Amoonguss!</div><h2>Turn 29</h2><div class="spacer"></div><div>Amoonguss, come back!</div><div class="spacer"></div><div>Go! Sableye <small>(Sableye-Mega)</small>!</div><div class="spacer"></div><div>The opposing Creepy Mofo used <strong>Knock Off</strong>!</div><div><small>Sableye lost 14% of its health!</small><br></div><h2>Turn 30</h2><div class="spacer"></div><div>Noobab withdrew Creepy Mofo <small>(Sableye-Mega)</small>!</div><div class="spacer"></div><div>Noobab sent out King Zappy <small>(Zapdos)</small>!</div><div class="spacer"></div><div>Sableye, come back!</div><div class="spacer"></div><div>Go! Skarmory!</div><h2>Turn 31</h2><div class="spacer"></div><div>Noobab withdrew King Zappy <small>(Zapdos)</small>!</div><div class="spacer"></div><div>Noobab sent out Creepy Mofo <small>(Sableye-Mega)</small>!</div><div class="spacer"></div><div>Skarmory, come back!</div><div class="spacer"></div><div>Go! Amoonguss!</div><h2>Turn 32</h2><div class="spacer"></div><div>Amoonguss, come back!</div><div class="spacer"></div><div>Go! Skarmory!</div><div class="spacer"></div><div>Noobab withdrew Creepy Mofo <small>(Sableye-Mega)</small>!</div><div class="spacer"></div><div>Noobab sent out King Zappy <small>(Zapdos)</small>!</div><h2>Turn 33</h2><div class="spacer"></div><div>Noobab withdrew King Zappy <small>(Zapdos)</small>!</div><div class="spacer"></div><div>Noobab sent out Creepy Mofo <small>(Sableye-Mega)</small>!</div><div class="spacer"></div><div>Skarmory, come back!</div><div class="spacer"></div><div>Go! Amoonguss!</div><h2>Turn 34</h2><div class="chat"><small>MSK545454545 joined.</small></div><div class="spacer"></div><div>Amoonguss, come back!</div><div class="spacer"></div><div>Go! Skarmory!</div><div class="spacer"></div><div>Noobab withdrew Creepy Mofo <small>(Sableye-Mega)</small>!</div><div class="spacer"></div><div>Noobab sent out King Zappy <small>(Zapdos)</small>!</div><h2>Turn 35</h2><div class="chat chatmessage-noobab"><strong style="color:hsl(187,78%,40%);"><small>★</small><span class="username" data-name="Noobab">Noobab</span>:</strong> <em>so far nothing has been done</em></div><div class="spacer"></div><div>Noobab withdrew King Zappy <small>(Zapdos)</small>!</div><div class="spacer"></div><div>Noobab sent out Creepy Mofo <small>(Sableye-Mega)</small>!</div><div class="spacer"></div><div>Skarmory, come back!</div><div class="spacer"></div><div>Go! Amoonguss!</div><h2>Turn 36</h2><div class="spacer"></div><div>Amoonguss, come back!</div><div class="spacer"></div><div>Go! Skarmory!</div><div class="spacer"></div><div>Noobab withdrew Creepy Mofo <small>(Sableye-Mega)</small>!</div><div class="spacer"></div><div>Noobab sent out King Zappy <small>(Zapdos)</small>!</div><h2>Turn 37</h2><div class="chat chatmessage-noobab"><strong style="color:hsl(187,78%,40%);"><small>★</small><span class="username" data-name="Noobab">Noobab</span>:</strong> <em>where u sitting on the ladder anyways?</em></div><div class="spacer"></div><div>Noobab withdrew King Zappy <small>(Zapdos)</small>!</div><div class="spacer"></div><div>Noobab sent out Creepy Mofo <small>(Sableye-Mega)</small>!</div><div class="spacer"></div><div>Skarmory, come back!</div><div class="spacer"></div><div>Go! Amoonguss!</div><h2>Turn 38</h2><div class="chat"><small>Kozilek's Thrall joined.</small></div><div class="chat chatmessage-kozileksthrall"><strong style="color:hsl(154,67.00130737777778%,43.99869262222222%);"><small> </small><span class="username" data-name="Kozilek's Thrall">Kozilek's Thrall</span>:</strong> <em>bruh</em></div><div class="chat chatmessage-msk545454545"><strong style="color:hsl(9,39%,46%);"><small> </small><span class="username" data-name="MSK545454545">MSK545454545</span>:</strong> <em>wow</em></div><div class="chat chatmessage-msk545454545"><strong style="color:hsl(9,39%,46%);"><small> </small><span class="username" data-name="MSK545454545">MSK545454545</span>:</strong> <em>this is sad</em></div><div class="chat chatmessage-kozileksthrall"><strong style="color:hsl(154,67.00130737777778%,43.99869262222222%);"><small> </small><span class="username" data-name="Kozilek's Thrall">Kozilek's Thrall</span>:</strong> <em>TURN ON THE TIMER</em></div><div class="chat chatmessage-msk545454545"><strong style="color:hsl(9,39%,46%);"><small> </small><span class="username" data-name="MSK545454545">MSK545454545</span>:</strong> <em>attack already</em></div><div class="spacer"></div><div>Amoonguss, come back!</div><div class="spacer"></div><div>Go! Skarmory!</div><div class="spacer"></div><div>Noobab withdrew Creepy Mofo <small>(Sableye-Mega)</small>!</div><div class="spacer"></div><div>Noobab sent out King Zappy <small>(Zapdos)</small>!</div><h2>Turn 39</h2><div class="chat chatmessage-noobab"><strong style="color:hsl(187,78%,40%);"><small>★</small><span class="username" data-name="Noobab">Noobab</span>:</strong> <em>it is</em></div><div class="chat chatmessage-kozileksthrall"><strong style="color:hsl(154,67.00130737777778%,43.99869262222222%);"><small> </small><span class="username" data-name="Kozilek's Thrall">Kozilek's Thrall</span>:</strong> <em>dude</em></div><div class="spacer"></div><div>Skarmory, come back!</div><div class="spacer"></div><div>Go! Amoonguss!</div><div class="spacer"></div><div>The opposing King Zappy used <strong>Volt Switch</strong>!</div><div><small>It's not very effective... </small><small>Amoonguss lost 8% of its health!</small><br></div><div class="spacer"></div><div>The opposing King Zappy went back to Noobab!</div><div class="spacer"></div><div>Noobab sent out I'm Lazy AF <small>(Quagsire)</small>!</div><h2>Turn 40</h2><div class="spacer"></div><div>Noobab withdrew I'm Lazy AF <small>(Quagsire)</small>!</div><div class="spacer"></div><div>Noobab sent out King Zappy <small>(Zapdos)</small>!</div><div class="spacer"></div><div>Amoonguss, come back!</div><div class="spacer"></div><div>Go! Chansey!</div><h2>Turn 41</h2><div class="chat chatmessage-kozileksthrall"><strong style="color:hsl(154,67.00130737777778%,43.99869262222222%);"><small> </small><span class="username" data-name="Kozilek's Thrall">Kozilek's Thrall</span>:</strong> <em>nice stall team</em></div><div class="spacer"></div><div>Noobab withdrew King Zappy <small>(Zapdos)</small>!</div><div class="spacer"></div><div>Noobab sent out Creepy Mofo <small>(Sableye-Mega)</small>!</div><div class="spacer"></div><div>Chansey, come back!</div><div class="spacer"></div><div>Go! Amoonguss!</div><h2>Turn 42</h2><div class="chat chatmessage-noobab"><strong style="color:hsl(187,78%,40%);"><small>★</small><span class="username" data-name="Noobab">Noobab</span>:</strong> <em>i ran into this guy</em></div><div class="spacer"></div><div>Amoonguss, come back!</div><div class="spacer"></div><div>Go! Skarmory!</div><div class="spacer"></div><div>Noobab withdrew Creepy Mofo <small>(Sableye-Mega)</small>!</div><div class="spacer"></div><div>Noobab sent out King Zappy <small>(Zapdos)</small>!</div><h2>Turn 43</h2><div class="spacer"></div><div>Skarmory, come back!</div><div class="spacer"></div><div>Go! Amoonguss!</div><div class="spacer"></div><div>The opposing King Zappy used <strong>Heat Wave</strong>!</div><div><small>It's super effective! </small><small>Amoonguss lost 32% of its health!</small><br></div><h2>Turn 44</h2><div class="spacer"></div><div>Noobab withdrew King Zappy <small>(Zapdos)</small>!</div><div class="spacer"></div><div>Noobab sent out Creepy Mofo <small>(Sableye-Mega)</small>!</div><div class="spacer"></div><div>Amoonguss, come back!</div><div class="spacer"></div><div>Go! Chansey!</div><h2>Turn 45</h2><div class="chat"><small>Silent Empoleon joined.</small></div><div class="spacer"></div><div>Chansey, come back!</div><div class="spacer"></div><div>Go! Skarmory!</div><div class="spacer"></div><div>Noobab withdrew Creepy Mofo <small>(Sableye-Mega)</small>!</div><div class="spacer"></div><div>Noobab sent out King Zappy <small>(Zapdos)</small>!</div><h2>Turn 46</h2><div class="chat"><small>Silent Empoleon left.</small></div><div class="chat"><small>Silent Empoleon joined.</small></div><div class="spacer"></div><div>Noobab withdrew King Zappy <small>(Zapdos)</small>!</div><div class="spacer"></div><div>Noobab sent out Creepy Mofo <small>(Sableye-Mega)</small>!</div><div class="spacer"></div><div>Skarmory, come back!</div><div class="spacer"></div><div>Go! Amoonguss!</div><h2>Turn 47</h2><div class="chat"><small>Silent Empoleon left.</small></div><div class="chat"><small>imahugedork joined.</small></div><div class="chat"><small>tabl joined.</small></div><div class="spacer"></div><div>Amoonguss, come back!</div><div class="spacer"></div><div>Go! Skarmory!</div><div class="spacer"></div><div>Noobab withdrew Creepy Mofo <small>(Sableye-Mega)</small>!</div><div class="spacer"></div><div>Noobab sent out King Zappy <small>(Zapdos)</small>!</div><h2>Turn 48</h2><div class="spacer"></div><div>Noobab withdrew King Zappy <small>(Zapdos)</small>!</div><div class="spacer"></div><div>Noobab sent out Creepy Mofo <small>(Sableye-Mega)</small>!</div><div class="spacer"></div><div>Skarmory, come back!</div><div class="spacer"></div><div>Go! Amoonguss!</div><h2>Turn 49</h2><div class="spacer"></div><div>Amoonguss, come back!</div><div class="spacer"></div><div>Go! Skarmory!</div><div class="spacer"></div><div>Noobab withdrew Creepy Mofo <small>(Sableye-Mega)</small>!</div><div class="spacer"></div><div>Noobab sent out King Zappy <small>(Zapdos)</small>!</div><h2>Turn 50</h2><div class="spacer"></div><div>Noobab withdrew King Zappy <small>(Zapdos)</small>!</div><div class="spacer"></div><div>Noobab sent out Creepy Mofo <small>(Sableye-Mega)</small>!</div><div class="spacer"></div><div>Skarmory, come back!</div><div class="spacer"></div><div>Go! Amoonguss!</div><h2>Turn 51</h2><div class="chat chatmessage-lonkers"><strong style="color:hsl(178,80%,38%);"><small> </small><span class="username" data-name="lonkers">lonkers</span>:</strong> <em>um</em></div><div class="spacer"></div><div>Amoonguss, come back!</div><div class="spacer"></div><div>Go! Skarmory!</div><div class="spacer"></div><div>Noobab withdrew Creepy Mofo <small>(Sableye-Mega)</small>!</div><div class="spacer"></div><div>Noobab sent out King Zappy <small>(Zapdos)</small>!</div><h2>Turn 52</h2><div class="chat chatmessage-lonkers"><strong style="color:hsl(178,80%,38%);"><small> </small><span class="username" data-name="lonkers">lonkers</span>:</strong> <em>what are3 you even doing</em></div><div class="chat chatmessage-noobab"><strong style="color:hsl(187,78%,40%);"><small>★</small><span class="username" data-name="Noobab">Noobab</span>:</strong> <em>if he does not attack</em></div><div class="chat chatmessage-noobab"><strong style="color:hsl(187,78%,40%);"><small>★</small><span class="username" data-name="Noobab">Noobab</span>:</strong> <em>i will not too</em></div><div class="spacer"></div><div>Noobab withdrew King Zappy <small>(Zapdos)</small>!</div><div class="spacer"></div><div>Noobab sent out Creepy Mofo <small>(Sableye-Mega)</small>!</div><div class="spacer"></div><div>Skarmory, come back!</div><div class="spacer"></div><div>Go! Amoonguss!</div><h2>Turn 53</h2><div class="chat chatmessage-lonkers"><strong style="color:hsl(178,80%,38%);"><small> </small><span class="username" data-name="lonkers">lonkers</span>:</strong> <em>just attack</em></div><div class="chat chatmessage-lonkers"><strong style="color:hsl(178,80%,38%);"><small> </small><span class="username" data-name="lonkers">lonkers</span>:</strong> <em>youll win eventually</em></div><div class="spacer"></div><div>Amoonguss, come back!</div><div class="spacer"></div><div>Go! Skarmory!</div><div class="spacer"></div><div>Noobab withdrew Creepy Mofo <small>(Sableye-Mega)</small>!</div><div class="spacer"></div><div>Noobab sent out King Zappy <small>(Zapdos)</small>!</div><h2>Turn 54</h2><div class="chat chatmessage-noobab"><strong style="color:hsl(187,78%,40%);"><small>★</small><span class="username" data-name="Noobab">Noobab</span>:</strong> <em>i need to pp stall this guy</em></div><div class="chat chatmessage-noobab"><strong style="color:hsl(187,78%,40%);"><small>★</small><span class="username" data-name="Noobab">Noobab</span>:</strong> <em>i cannot afford to waste my pps</em></div><div class="spacer"></div><div>Noobab withdrew King Zappy <small>(Zapdos)</small>!</div><div class="spacer"></div><div>Noobab sent out Bad Ass the 3rd <small>(Skarmory)</small>!</div><div class="spacer"></div><div>Skarmory, come back!</div><div class="spacer"></div><div>Go! Amoonguss!</div><h2>Turn 55</h2><div class="spacer"></div><div>Noobab withdrew Bad Ass the 3rd <small>(Skarmory)</small>!</div><div class="spacer"></div><div>Noobab sent out King Zappy <small>(Zapdos)</small>!</div><div class="spacer"></div><div>Amoonguss, come back!</div><div class="spacer"></div><div>Go! Sableye <small>(Sableye-Mega)</small>!</div><h2>Turn 56</h2><div class="chat chatmessage-tabl"><strong style="color:hsl(106,75.5088208%,42.4911792%);"><small> </small><span class="username" data-name="tabl">tabl</span>:</strong> <em>Replays only last to 327 turns</em></div><div class="spacer"></div><div>Noobab withdrew King Zappy <small>(Zapdos)</small>!</div><div class="spacer"></div><div>Noobab sent out Creepy Mofo <small>(Sableye-Mega)</small>!</div><div class="spacer"></div><div>Sableye, come back!</div><div class="spacer"></div><div>Go! Amoonguss!</div><h2>Turn 57</h2><div class="chat chatmessage-noobab"><strong style="color:hsl(187,78%,40%);"><small>★</small><span class="username" data-name="Noobab">Noobab</span>:</strong> <em>indeed</em></div><div class="chat chatmessage-tabl"><strong style="color:hsl(106,75.5088208%,42.4911792%);"><small> </small><span class="username" data-name="tabl">tabl</span>:</strong> <em>so you can give up on making the longest replay</em></div><div class="chat chatmessage-noobab"><strong style="color:hsl(187,78%,40%);"><small>★</small><span class="username" data-name="Noobab">Noobab</span>:</strong> <em>who needs the replays anyways</em></div><div class="spacer"></div><div>Amoonguss, come back!</div><div class="spacer"></div><div>Go! Skarmory!</div><div class="spacer"></div><div>Noobab withdrew Creepy Mofo <small>(Sableye-Mega)</small>!</div><div class="spacer"></div><div>Noobab sent out King Zappy <small>(Zapdos)</small>!</div><h2>Turn 58</h2><div class="chat chatmessage-tabl"><strong style="color:hsl(106,75.5088208%,42.4911792%);"><small> </small><span class="username" data-name="tabl">tabl</span>:</strong> <em>tru</em></div><div class="spacer"></div><div>Noobab withdrew King Zappy <small>(Zapdos)</small>!</div><div class="spacer"></div><div>Noobab sent out Bad Ass the 3rd <small>(Skarmory)</small>!</div><div class="spacer"></div><div>Skarmory, come back!</div><div class="spacer"></div><div>Go! Amoonguss!</div><h2>Turn 59</h2><div class="chat chatmessage-lonkers"><strong style="color:hsl(178,80%,38%);"><small> </small><span class="username" data-name="lonkers">lonkers</span>:</strong> <em>this isnt even funny or cool</em></div><div class="spacer"></div><div>Noobab withdrew Bad Ass the 3rd <small>(Skarmory)</small>!</div><div class="spacer"></div><div>Noobab sent out Creepy Mofo <small>(Sableye-Mega)</small>!</div><div class="spacer"></div><div>Amoonguss, come back!</div><div class="spacer"></div><div>Go! Sableye <small>(Sableye-Mega)</small>!</div><h2>Turn 60</h2><div class="chat chatmessage-lonkers"><strong style="color:hsl(178,80%,38%);"><small> </small><span class="username" data-name="lonkers">lonkers</span>:</strong> <em>why would anyone replay this lol</em></div><div class="spacer"></div><div>Noobab withdrew Creepy Mofo <small>(Sableye-Mega)</small>!</div><div class="spacer"></div><div>Noobab sent out King Zappy <small>(Zapdos)</small>!</div><div class="spacer"></div><div>Sableye, come back!</div><div class="spacer"></div><div>Go! Skarmory!</div><h2>Turn 61</h2><div class="chat chatmessage-noobab"><strong style="color:hsl(187,78%,40%);"><small>★</small><span class="username" data-name="Noobab">Noobab</span>:</strong> <em>this is fucked</em></div><div class="spacer"></div><div>Skarmory, come back!</div><div class="spacer"></div><div>Go! Amoonguss!</div><div class="spacer"></div><div>The opposing King Zappy used <strong>Heat Wave</strong>!</div><div><small>It's super effective! A critical hit! </small><small>Amoonguss lost 47% of its health!</small><br></div><h2>Turn 62</h2><div class="chat chatmessage-tabl"><strong style="color:hsl(106,75.5088208%,42.4911792%);"><small> </small><span class="username" data-name="tabl">tabl</span>:</strong> <em>then why would you link this lonkers...</em></div><div class="spacer"></div><div>Amoonguss, come back!</div><div class="spacer"></div><div>Go! Chansey!</div><div class="spacer"></div><div>The opposing King Zappy used <strong>Volt Switch</strong>!</div><div><small>Chansey lost 9% of its health!</small><br></div><div class="chat chatmessage-lonkers"><strong style="color:hsl(178,80%,38%);"><small> </small><span class="username" data-name="lonkers">lonkers</span>:</strong> <em>idk</em></div><div class="spacer"></div><div>The opposing King Zappy went back to Noobab!</div><div class="spacer"></div><div>Noobab sent out Creepy Mofo <small>(Sableye-Mega)</small>!</div><h2>Turn 63</h2><div class="spacer"></div><div>Chansey, come back!</div><div class="spacer"></div><div>Go! Sableye <small>(Sableye-Mega)</small>!</div><div class="spacer"></div><div>Noobab withdrew Creepy Mofo <small>(Sableye-Mega)</small>!</div><div class="spacer"></div><div>Noobab sent out King Zappy <small>(Zapdos)</small>!</div><h2>Turn 64</h2><div class="spacer"></div><div>Noobab withdrew King Zappy <small>(Zapdos)</small>!</div><div class="spacer"></div><div>Noobab sent out Creepy Mofo <small>(Sableye-Mega)</small>!</div><div class="spacer"></div><div>Sableye, come back!</div><div class="spacer"></div><div>Go! Amoonguss!</div><h2>Turn 65</h2><div class="chat chatmessage-lonkers"><strong style="color:hsl(178,80%,38%);"><small> </small><span class="username" data-name="lonkers">lonkers</span>:</strong> <em>i just really hate stall teams in any format\</em></div><div class="spacer"></div><div>Amoonguss, come back!</div><div class="spacer"></div><div>Go! Sableye <small>(Sableye-Mega)</small>!</div><div class="spacer"></div><div>Noobab withdrew Creepy Mofo <small>(Sableye-Mega)</small>!</div><div class="spacer"></div><div>Noobab sent out King Zappy <small>(Zapdos)</small>!</div><h2>Turn 66</h2><div class="chat chatmessage-lonkers"><strong style="color:hsl(178,80%,38%);"><small> </small><span class="username" data-name="lonkers">lonkers</span>:</strong> <em>especially ou and bh</em></div><div class="spacer"></div><div>Noobab withdrew King Zappy <small>(Zapdos)</small>!</div><div class="spacer"></div><div>Noobab sent out Creepy Mofo <small>(Sableye-Mega)</small>!</div><div class="spacer"></div><div>Sableye, come back!</div><div class="spacer"></div><div>Go! Amoonguss!</div><h2>Turn 67</h2><div class="spacer"></div><div>Amoonguss, come back!</div><div class="spacer"></div><div>Go! Skarmory!</div><div class="spacer"></div><div>Noobab withdrew Creepy Mofo <small>(Sableye-Mega)</small>!</div><div class="spacer"></div><div>Noobab sent out King Zappy <small>(Zapdos)</small>!</div><h2>Turn 68</h2><div class="spacer"></div><div>Noobab withdrew King Zappy <small>(Zapdos)</small>!</div><div class="spacer"></div><div>Noobab sent out Creepy Mofo <small>(Sableye-Mega)</small>!</div><div class="spacer"></div><div>Skarmory, come back!</div><div class="spacer"></div><div>Go! Amoonguss!</div><h2>Turn 69</h2><div class="spacer"></div><div>Amoonguss, come back!</div><div class="spacer"></div><div>Go! Skarmory!</div><div class="spacer"></div><div>Noobab withdrew Creepy Mofo <small>(Sableye-Mega)</small>!</div><div class="spacer"></div><div>Noobab sent out King Zappy <small>(Zapdos)</small>!</div><h2>Turn 70</h2><div class="spacer"></div><div>Noobab withdrew King Zappy <small>(Zapdos)</small>!</div><div class="spacer"></div><div>Noobab sent out Creepy Mofo <small>(Sableye-Mega)</small>!</div><div class="spacer"></div><div>Skarmory, come back!</div><div class="spacer"></div><div>Go! Chansey!</div><h2>Turn 71</h2><div class="chat chatmessage-noobab"><strong style="color:hsl(187,78%,40%);"><small>★</small><span class="username" data-name="Noobab">Noobab</span>:</strong> <em>im studying at the same time though</em></div><div class="spacer"></div><div>Chansey, come back!</div><div class="spacer"></div><div>Go! Sableye <small>(Sableye-Mega)</small>!</div><div class="spacer"></div><div>Noobab withdrew Creepy Mofo <small>(Sableye-Mega)</small>!</div><div class="spacer"></div><div>Noobab sent out Bad Ass the 3rd <small>(Skarmory)</small>!</div><h2>Turn 72</h2><div class="chat chatmessage-noobab"><strong style="color:hsl(187,78%,40%);"><small>★</small><span class="username" data-name="Noobab">Noobab</span>:</strong> <em>learning about crohn's disease atm</em></div><div class="chat chatmessage-tabl"><strong style="color:hsl(106,75.5088208%,42.4911792%);"><small> </small><span class="username" data-name="tabl">tabl</span>:</strong> <em>I'm studying for a biology test</em></div><div class="spacer"></div><div>Noobab withdrew Bad Ass the 3rd <small>(Skarmory)</small>!</div><div class="spacer"></div><div>Noobab sent out King Zappy <small>(Zapdos)</small>!</div><div class="spacer"></div><div>Sableye used <strong>Knock Off</strong>!</div><div><small>The opposing King Zappy lost 19% of its health!</small><br></div><h2>Turn 73</h2><div class="chat chatmessage-noobab"><strong style="color:hsl(187,78%,40%);"><small>★</small><span class="username" data-name="Noobab">Noobab</span>:</strong> <em>what?</em></div><div class="spacer"></div><div>Sableye, come back!</div><div class="spacer"></div><div>Go! Amoonguss!</div><div class="spacer"></div><div>The opposing King Zappy used <strong>Rest</strong>!</div><div><small>The opposing King Zappy fell asleep!</small></div><div><small>The opposing King Zappy slept and became healthy!</small></div><h2>Turn 74</h2><div class="chat chatmessage-tabl"><strong style="color:hsl(106,75.5088208%,42.4911792%);"><small> </small><span class="username" data-name="tabl">tabl</span>:</strong> <em>I will stay up until 11:00</em></div><div class="chat chatmessage-noobab"><strong style="color:hsl(187,78%,40%);"><small>★</small><span class="username" data-name="Noobab">Noobab</span>:</strong> <em>i have a degree already man</em></div><div class="chat chatmessage-noobab"><strong style="color:hsl(187,78%,40%);"><small>★</small><span class="username" data-name="Noobab">Noobab</span>:</strong> <em>this is my second degree im studying for</em></div><div class="chat chatmessage-tabl"><strong style="color:hsl(106,75.5088208%,42.4911792%);"><small> </small><span class="username" data-name="tabl">tabl</span>:</strong> <em>you're past college?</em></div><div class="spacer"></div><div>Amoonguss, come back!</div><div class="spacer"></div><div>Go! Chansey!</div><div class="spacer"></div><div>The opposing King Zappy is fast asleep.</div><h2>Turn 75</h2><div class="chat chatmessage-tabl"><strong style="color:hsl(106,75.5088208%,42.4911792%);"><small> </small><span class="username" data-name="tabl">tabl</span>:</strong> <em>lol what is a college student doing on PS</em></div><div class="chat chatmessage-lonkers"><strong style="color:hsl(178,80%,38%);"><small> </small><span class="username" data-name="lonkers">lonkers</span>:</strong> <em>why not</em></div><div class="chat chatmessage-lonkers"><strong style="color:hsl(178,80%,38%);"><small> </small><span class="username" data-name="lonkers">lonkers</span>:</strong> <em>everyone loves pokemon</em></div><div class="chat chatmessage-noobab"><strong style="color:hsl(187,78%,40%);"><small>★</small><span class="username" data-name="Noobab">Noobab</span>:</strong> <em>i was brought up playing pokemon</em></div><div class="spacer"></div><div>Chansey, come back!</div><div class="spacer"></div><div>Go! Amoonguss!</div><div class="spacer"></div><div>The opposing King Zappy is fast asleep.</div><h2>Turn 76</h2><div class="spacer"></div><div>Noobab withdrew King Zappy <small>(Zapdos)</small>!</div><div class="spacer"></div><div>Noobab sent out Creepy Mofo <small>(Sableye-Mega)</small>!</div><div class="spacer"></div><div>Amoonguss, come back!</div><div class="spacer"></div><div>Go! Chansey!</div><h2>Turn 77</h2><div class="spacer"></div><div>Chansey, come back!</div><div class="spacer"></div><div>Go! Sableye <small>(Sableye-Mega)</small>!</div><div class="spacer"></div><div>Noobab withdrew Creepy Mofo <small>(Sableye-Mega)</small>!</div><div class="spacer"></div><div>Noobab sent out Bad Ass the 3rd <small>(Skarmory)</small>!</div><h2>Turn 78</h2><div class="spacer"></div><div>Noobab withdrew Bad Ass the 3rd <small>(Skarmory)</small>!</div><div class="spacer"></div><div>Noobab sent out King Zappy <small>(Zapdos)</small>!</div><div class="spacer"></div><div>Sableye used <strong>Toxic</strong>!</div><div><small>But it failed!</small></div><h2>Turn 79</h2><div class="chat chatmessage-noobab"><strong style="color:hsl(187,78%,40%);"><small>★</small><span class="username" data-name="Noobab">Noobab</span>:</strong> <em>toxic?</em></div><div class="chat chatmessage-noobab"><strong style="color:hsl(187,78%,40%);"><small>★</small><span class="username" data-name="Noobab">Noobab</span>:</strong> <em>hmmmm</em></div><div class="spacer"></div><div>Noobab withdrew King Zappy <small>(Zapdos)</small>!</div><div class="spacer"></div><div>Noobab sent out Creepy Mofo <small>(Sableye-Mega)</small>!</div><div class="spacer"></div><div>Sableye, come back!</div><div class="spacer"></div><div>Go! Amoonguss!</div><h2>Turn 80</h2><div class="spacer"></div><div>Amoonguss, come back!</div><div class="spacer"></div><div>Go! Sableye <small>(Sableye-Mega)</small>!</div><div class="spacer"></div><div>Noobab withdrew Creepy Mofo <small>(Sableye-Mega)</small>!</div><div class="spacer"></div><div>Noobab sent out King Zappy <small>(Zapdos)</small>!</div><h2>Turn 81</h2><div class="spacer"></div><div>Noobab withdrew King Zappy <small>(Zapdos)</small>!</div><div class="spacer"></div><div>Noobab sent out Creepy Mofo <small>(Sableye-Mega)</small>!</div><div class="spacer"></div><div>Sableye, come back!</div><div class="spacer"></div><div>Go! Amoonguss!</div><h2>Turn 82</h2><div class="chat chatmessage-noobab"><strong style="color:hsl(187,78%,40%);"><small>★</small><span class="username" data-name="Noobab">Noobab</span>:</strong> <em>any of u guys got a degree yet? if so where did u study?</em></div><div class="spacer"></div><div>Amoonguss, come back!</div><div class="spacer"></div><div>Go! Skarmory!</div><div class="spacer"></div><div>Noobab withdrew Creepy Mofo <small>(Sableye-Mega)</small>!</div><div class="spacer"></div><div>Noobab sent out King Zappy <small>(Zapdos)</small>!</div><h2>Turn 83</h2><div class="chat chatmessage-noobab"><strong style="color:hsl(187,78%,40%);"><small>★</small><span class="username" data-name="Noobab">Noobab</span>:</strong> <em>im from australia</em></div><div class="spacer"></div><div>Noobab withdrew King Zappy <small>(Zapdos)</small>!</div><div class="spacer"></div><div>Noobab sent out Bad Ass the 3rd <small>(Skarmory)</small>!</div><div class="spacer"></div><div>Skarmory used <strong>Roost</strong>!</div><div><small>Skarmory restored its HP.</small></div><h2>Turn 84</h2><div class="chat chatmessage-noobab"><strong style="color:hsl(187,78%,40%);"><small>★</small><span class="username" data-name="Noobab">Noobab</span>:</strong> <em>Down Under</em></div><div class="spacer"></div><div>Noobab withdrew Bad Ass the 3rd <small>(Skarmory)</small>!</div><div class="spacer"></div><div>Noobab sent out King Zappy <small>(Zapdos)</small>!</div><div class="spacer"></div><div>Skarmory, come back!</div><div class="spacer"></div><div>Go! Sableye <small>(Sableye-Mega)</small>!</div><h2>Turn 85</h2><div class="chat chatmessage-noobab"><strong style="color:hsl(187,78%,40%);"><small>★</small><span class="username" data-name="Noobab">Noobab</span>:</strong> <em>fucking crikey</em></div><div class="spacer"></div><div>Noobab withdrew King Zappy <small>(Zapdos)</small>!</div><div class="spacer"></div><div>Noobab sent out Creepy Mofo <small>(Sableye-Mega)</small>!</div><div class="spacer"></div><div>Sableye, come back!</div><div class="spacer"></div><div>Go! Amoonguss!</div><h2>Turn 86</h2><div class="spacer"></div><div>Amoonguss, come back!</div><div class="spacer"></div><div>Go! Sableye <small>(Sableye-Mega)</small>!</div><div class="spacer"></div><div>Noobab withdrew Creepy Mofo <small>(Sableye-Mega)</small>!</div><div class="spacer"></div><div>Noobab sent out King Zappy <small>(Zapdos)</small>!</div><h2>Turn 87</h2><div class="chat chatmessage-lonkers"><strong style="color:hsl(178,80%,38%);"><small> </small><span class="username" data-name="lonkers">lonkers</span>:</strong> <em>nah not me yet</em></div><div class="chat chatmessage-tabl"><strong style="color:hsl(106,75.5088208%,42.4911792%);"><small> </small><span class="username" data-name="tabl">tabl</span>:</strong> <em>I have no degree</em></div><div class="spacer"></div><div>Noobab withdrew King Zappy <small>(Zapdos)</small>!</div><div class="spacer"></div><div>Noobab sent out Creepy Mofo <small>(Sableye-Mega)</small>!</div><div class="spacer"></div><div>Sableye, come back!</div><div class="spacer"></div><div>Go! Amoonguss!</div><h2>Turn 88</h2><div class="chat chatmessage-noobab"><strong style="color:hsl(187,78%,40%);"><small>★</small><span class="username" data-name="Noobab">Noobab</span>:</strong> <em>oh ok</em></div><div class="chat chatmessage-noobab"><strong style="color:hsl(187,78%,40%);"><small>★</small><span class="username" data-name="Noobab">Noobab</span>:</strong> <em>where u from?</em></div><div class="chat chatmessage-tabl"><strong style="color:hsl(106,75.5088208%,42.4911792%);"><small> </small><span class="username" data-name="tabl">tabl</span>:</strong> <em>I'm a table</em></div><div class="chat chatmessage-lonkers"><strong style="color:hsl(178,80%,38%);"><small> </small><span class="username" data-name="lonkers">lonkers</span>:</strong> <em>Noobab i think we have the same color</em></div><div class="chat chatmessage-tabl"><strong style="color:hsl(106,75.5088208%,42.4911792%);"><small> </small><span class="username" data-name="tabl">tabl</span>:</strong> <em>I come from the Amazon</em></div><div class="chat chatmessage-lonkers"><strong style="color:hsl(178,80%,38%);"><small> </small><span class="username" data-name="lonkers">lonkers</span>:</strong> <em>lol</em></div><div class="chat chatmessage-noobab"><strong style="color:hsl(187,78%,40%);"><small>★</small><span class="username" data-name="Noobab">Noobab</span>:</strong> <em>Indeed</em></div><div class="chat chatmessage-lonkers"><strong style="color:hsl(178,80%,38%);"><small> </small><span class="username" data-name="lonkers">lonkers</span>:</strong> <em>im Kozilek's Thrall btw</em></div><div class="chat chatmessage-tabl"><strong style="color:hsl(106,75.5088208%,42.4911792%);"><small> </small><span class="username" data-name="tabl">tabl</span>:</strong> <em>was chopped up by some old haggard dude with a beard</em></div><div class="chat chatmessage-lonkers"><strong style="color:hsl(178,80%,38%);"><small> </small><span class="username" data-name="lonkers">lonkers</span>:</strong> <em>this is my alt</em></div><div class="spacer"></div><div>Amoonguss, come back!</div><div class="spacer"></div><div>Go! Sableye <small>(Sableye-Mega)</small>!</div><div class="spacer"></div><div>Noobab withdrew Creepy Mofo <small>(Sableye-Mega)</small>!</div><div class="spacer"></div><div>Noobab sent out King Zappy <small>(Zapdos)</small>!</div><h2>Turn 89</h2><div class="spacer"></div><div>Noobab withdrew King Zappy <small>(Zapdos)</small>!</div><div class="spacer"></div><div>Noobab sent out Creepy Mofo <small>(Sableye-Mega)</small>!</div><div class="spacer"></div><div>Sableye, come back!</div><div class="spacer"></div><div>Go! Amoonguss!</div><h2>Turn 90</h2><div class="spacer"></div><div>Amoonguss, come back!</div><div class="spacer"></div><div>Go! Sableye <small>(Sableye-Mega)</small>!</div><div class="spacer"></div><div>Noobab withdrew Creepy Mofo <small>(Sableye-Mega)</small>!</div><div class="spacer"></div><div>Noobab sent out King Zappy <small>(Zapdos)</small>!</div><h2>Turn 91</h2><div class="spacer"></div><div>Noobab withdrew King Zappy <small>(Zapdos)</small>!</div><div class="spacer"></div><div>Noobab sent out Creepy Mofo <small>(Sableye-Mega)</small>!</div><div class="spacer"></div><div>Sableye, come back!</div><div class="spacer"></div><div>Go! Amoonguss!</div><h2>Turn 92</h2><div class="spacer"></div><div>Amoonguss, come back!</div><div class="spacer"></div><div>Go! Sableye <small>(Sableye-Mega)</small>!</div><div class="spacer"></div><div>Noobab withdrew Creepy Mofo <small>(Sableye-Mega)</small>!</div><div class="spacer"></div><div>Noobab sent out King Zappy <small>(Zapdos)</small>!</div><h2>Turn 93</h2><div class="spacer"></div><div>Noobab withdrew King Zappy <small>(Zapdos)</small>!</div><div class="spacer"></div><div>Noobab sent out Creepy Mofo <small>(Sableye-Mega)</small>!</div><div class="spacer"></div><div>Sableye, come back!</div><div class="spacer"></div><div>Go! Amoonguss!</div><h2>Turn 94</h2><div class="spacer"></div><div>Amoonguss, come back!</div><div class="spacer"></div><div>Go! Sableye <small>(Sableye-Mega)</small>!</div><div class="spacer"></div><div>Noobab withdrew Creepy Mofo <small>(Sableye-Mega)</small>!</div><div class="spacer"></div><div>Noobab sent out King Zappy <small>(Zapdos)</small>!</div><h2>Turn 95</h2><div class="chat chatmessage-noobab"><strong style="color:hsl(187,78%,40%);"><small>★</small><span class="username" data-name="Noobab">Noobab</span>:</strong> <em>i have no life</em></div><div class="chat chatmessage-noobab"><strong style="color:hsl(187,78%,40%);"><small>★</small><span class="username" data-name="Noobab">Noobab</span>:</strong> <em>but studying and playing pokemon</em></div><div class="spacer"></div><div>Noobab withdrew King Zappy <small>(Zapdos)</small>!</div><div class="spacer"></div><div>Noobab sent out Creepy Mofo <small>(Sableye-Mega)</small>!</div><div class="spacer"></div><div>Sableye, come back!</div><div class="spacer"></div><div>Go! Skarmory!</div><h2>Turn 96</h2><div class="spacer"></div><div>Noobab withdrew Creepy Mofo <small>(Sableye-Mega)</small>!</div><div class="spacer"></div><div>Noobab sent out King Zappy <small>(Zapdos)</small>!</div><div class="spacer"></div><div>Skarmory used <strong>Stealth Rock</strong>!</div><div><small>Pointed stones float in the air around the opposing team!</small></div><h2>Turn 97</h2><div class="spacer"></div><div><small>The opposing King Zappy woke up!</small></div><div class="spacer"></div><div>The opposing King Zappy used <strong>Volt Switch</strong>!</div><div><small>It's super effective! </small><small>Skarmory lost 52% of its health!</small><br></div><div class="spacer"></div><div>The opposing King Zappy went back to Noobab!</div><div class="spacer"></div><div>Noobab sent out Bad Ass the 3rd <small>(Skarmory)</small>!</div><div><small>Pointed stones dug into the opposing Bad Ass the 3rd!</small></div><div class="spacer"></div><div>Skarmory used <strong>Spikes</strong>!</div><div><small>Spikes were scattered all around the feet of the opposing team!</small></div><h2>Turn 98</h2><div class="chat chatmessage-lonkers"><strong style="color:hsl(178,80%,38%);"><small> </small><span class="username" data-name="lonkers">lonkers</span>:</strong> <em>guys</em></div><div class="chat"><small>BluBirD joined.</small></div><div class="spacer"></div><div>Skarmory used <strong>Roost</strong>!</div><div><small>Skarmory restored its HP.</small></div><div class="spacer"></div><div>The opposing Bad Ass the 3rd used <strong>Defog</strong>!</div><div><small>Skarmory's evasiveness fell! </small></div><div><small>The spikes disappeared from around the opposing team's feet!</small></div><div><small>The pointed stones disappeared from around the opposing team!</small></div><h2>Turn 99</h2><div class="chat chatmessage-lonkers"><strong style="color:hsl(178,80%,38%);"><small> </small><span class="username" data-name="lonkers">lonkers</span>:</strong> <em>oumodsrfags is locked lol</em></div><div class="chat"><small>BluBirD left.</small></div><div class="spacer"></div><div>Skarmory, come back!</div><div class="spacer"></div><div>Go! Sableye <small>(Sableye-Mega)</small>!</div><div class="spacer"></div><div>Noobab withdrew Bad Ass the 3rd <small>(Skarmory)</small>!</div><div class="spacer"></div><div>Noobab sent out Creepy Mofo <small>(Sableye-Mega)</small>!</div><h2>Turn 100</h2><div class="chat chatmessage-tabl"><strong style="color:hsl(106,75.5088208%,42.4911792%);"><small> </small><span class="username" data-name="tabl">tabl</span>:</strong> <em>but tru nickname tho</em></div><div class="chat chatmessage-lonkers"><strong style="color:hsl(178,80%,38%);"><small> </small><span class="username" data-name="lonkers">lonkers</span>:</strong> <em>thats why he isnt talking</em></div><div class="chat chatmessage-lonkers"><strong style="color:hsl(178,80%,38%);"><small> </small><span class="username" data-name="lonkers">lonkers</span>:</strong> <em>yep</em></div><div class="chat chatmessage-noobab"><strong style="color:hsl(187,78%,40%);"><small>★</small><span class="username" data-name="Noobab">Noobab</span>:</strong> <em>oh is he?</em></div><div class="chat chatmessage-noobab"><strong style="color:hsl(187,78%,40%);"><small>★</small><span class="username" data-name="Noobab">Noobab</span>:</strong> <em>is he locked?</em></div><div class="spacer"></div><div>Noobab withdrew Creepy Mofo <small>(Sableye-Mega)</small>!</div><div class="spacer"></div><div>Noobab sent out King Zappy <small>(Zapdos)</small>!</div><div class="spacer"></div><div>Sableye, come back!</div><div class="spacer"></div><div>Go! Skarmory!</div><h2>Turn 101</h2><div class="spacer"></div><div>Noobab withdrew King Zappy <small>(Zapdos)</small>!</div><div class="spacer"></div><div>Noobab sent out Bad Ass the 3rd <small>(Skarmory)</small>!</div><div class="spacer"></div><div>Skarmory, come back!</div><div class="spacer"></div><div>Go! Amoonguss!</div><h2>Turn 102</h2><div class="spacer"></div><div>Noobab withdrew Bad Ass the 3rd <small>(Skarmory)</small>!</div><div class="spacer"></div><div>Noobab sent out King Zappy <small>(Zapdos)</small>!</div><div class="spacer"></div><div>Amoonguss, come back!</div><div class="spacer"></div><div>Go! Sableye <small>(Sableye-Mega)</small>!</div><h2>Turn 103</h2><div class="chat chatmessage-tabl"><strong style="color:hsl(106,75.5088208%,42.4911792%);"><small> </small><span class="username" data-name="tabl">tabl</span>:</strong> <em>I thought that read "Red Ass the 3rd"</em></div><div class="chat chatmessage-tabl"><strong style="color:hsl(106,75.5088208%,42.4911792%);"><small> </small><span class="username" data-name="tabl">tabl</span>:</strong> <em>for a moment</em></div><div class="spacer"></div><div>Noobab withdrew King Zappy <small>(Zapdos)</small>!</div><div class="spacer"></div><div>Noobab sent out Creepy Mofo <small>(Sableye-Mega)</small>!</div><div class="spacer"></div><div>Sableye, come back!</div><div class="spacer"></div><div>Go! Amoonguss!</div><h2>Turn 104</h2><div class="chat chatmessage-noobab"><strong style="color:hsl(187,78%,40%);"><small>★</small><span class="username" data-name="Noobab">Noobab</span>:</strong> <em>red ass?</em></div><div class="chat chatmessage-noobab"><strong style="color:hsl(187,78%,40%);"><small>★</small><span class="username" data-name="Noobab">Noobab</span>:</strong> <em>thats a cool one</em></div><div class="chat chatmessage-tabl"><strong style="color:hsl(106,75.5088208%,42.4911792%);"><small> </small><span class="username" data-name="tabl">tabl</span>:</strong> <em>ikr</em></div><div class="spacer"></div><div>Amoonguss, come back!</div><div class="spacer"></div><div>Go! Sableye <small>(Sableye-Mega)</small>!</div><div class="spacer"></div><div>Noobab withdrew Creepy Mofo <small>(Sableye-Mega)</small>!</div><div class="spacer"></div><div>Noobab sent out King Zappy <small>(Zapdos)</small>!</div><h2>Turn 105</h2><div class="spacer"></div><div>Noobab withdrew King Zappy <small>(Zapdos)</small>!</div><div class="spacer"></div><div>Noobab sent out Creepy Mofo <small>(Sableye-Mega)</small>!</div><div class="spacer"></div><div>Sableye, come back!</div><div class="spacer"></div><div>Go! Amoonguss!</div><h2>Turn 106</h2><div class="spacer"></div><div>Amoonguss, come back!</div><div class="spacer"></div><div>Go! Alomomola!</div><div class="spacer"></div><div>Noobab withdrew Creepy Mofo <small>(Sableye-Mega)</small>!</div><div class="spacer"></div><div>Noobab sent out King Zappy <small>(Zapdos)</small>!</div><h2>Turn 107</h2><div class="chat chatmessage-lonkers"><strong style="color:hsl(178,80%,38%);"><small> </small><span class="username" data-name="lonkers">lonkers</span>:</strong> <em>im just watching a podcast</em></div><div class="spacer"></div><div>Noobab withdrew King Zappy <small>(Zapdos)</small>!</div><div class="spacer"></div><div>Noobab sent out Creepy Mofo <small>(Sableye-Mega)</small>!</div><div class="spacer"></div><div>Alomomola, come back!</div><div class="spacer"></div><div>Go! Amoonguss!</div><h2>Turn 108</h2><div class="spacer"></div><div>Amoonguss, come back!</div><div class="spacer"></div><div>Go! Alomomola!</div><div class="spacer"></div><div>Noobab withdrew Creepy Mofo <small>(Sableye-Mega)</small>!</div><div class="spacer"></div><div>Noobab sent out King Zappy <small>(Zapdos)</small>!</div><h2>Turn 109</h2><div class="chat chatmessage-noobab"><strong style="color:hsl(187,78%,40%);"><small>★</small><span class="username" data-name="Noobab">Noobab</span>:</strong> <em>did u guys watch ufc 203?</em></div><div class="chat chatmessage-noobab"><strong style="color:hsl(187,78%,40%);"><small>★</small><span class="username" data-name="Noobab">Noobab</span>:</strong> <em>cm punk</em></div><div class="chat chatmessage-lonkers"><strong style="color:hsl(178,80%,38%);"><small> </small><span class="username" data-name="lonkers">lonkers</span>:</strong> <em>nah</em></div><div class="chat chatmessage-noobab"><strong style="color:hsl(187,78%,40%);"><small>★</small><span class="username" data-name="Noobab">Noobab</span>:</strong> <em>got knocked out</em></div><div class="chat chatmessage-noobab"><strong style="color:hsl(187,78%,40%);"><small>★</small><span class="username" data-name="Noobab">Noobab</span>:</strong> <em>in like 2 mins</em></div><div class="chat chatmessage-tabl"><strong style="color:hsl(106,75.5088208%,42.4911792%);"><small> </small><span class="username" data-name="tabl">tabl</span>:</strong> <em>no</em></div><div class="chat chatmessage-lonkers"><strong style="color:hsl(178,80%,38%);"><small> </small><span class="username" data-name="lonkers">lonkers</span>:</strong> <em>its fun to watch</em></div><div class="chat chatmessage-tabl"><strong style="color:hsl(106,75.5088208%,42.4911792%);"><small> </small><span class="username" data-name="tabl">tabl</span>:</strong> <em>I don't do sports</em></div><div class="spacer"></div><div>Noobab withdrew King Zappy <small>(Zapdos)</small>!</div><div class="spacer"></div><div>Noobab sent out Bad Ass the 3rd <small>(Skarmory)</small>!</div><div class="spacer"></div><div>Alomomola, come back!</div><div class="spacer"></div><div>Go! Amoonguss!</div><h2>Turn 110</h2><div class="chat chatmessage-lonkers"><strong style="color:hsl(178,80%,38%);"><small> </small><span class="username" data-name="lonkers">lonkers</span>:</strong> <em>but i never have time to watch tv</em></div><div class="chat chatmessage-noobab"><strong style="color:hsl(187,78%,40%);"><small>★</small><span class="username" data-name="Noobab">Noobab</span>:</strong> <em>why is that?</em></div><div class="spacer"></div><div>Noobab withdrew Bad Ass the 3rd <small>(Skarmory)</small>!</div><div class="spacer"></div><div>Noobab sent out King Zappy <small>(Zapdos)</small>!</div><div class="spacer"></div><div>Amoonguss used <strong>Sludge Bomb</strong>!</div><div><small>The opposing King Zappy lost 19% of its health!</small><br></div><h2>Turn 111</h2><div class="chat chatmessage-lonkers"><strong style="color:hsl(178,80%,38%);"><small> </small><span class="username" data-name="lonkers">lonkers</span>:</strong> <em>idk</em></div><div class="spacer"></div><div>Noobab withdrew King Zappy <small>(Zapdos)</small>!</div><div class="spacer"></div><div>Noobab sent out Bad Ass the 3rd <small>(Skarmory)</small>!</div><div class="spacer"></div><div>Amoonguss, come back!</div><div class="spacer"></div><div>Go! Chansey!</div><h2>Turn 112</h2><div class="chat chatmessage-noobab"><strong style="color:hsl(187,78%,40%);"><small>★</small><span class="username" data-name="Noobab">Noobab</span>:</strong> <em>lol</em></div><div class="chat chatmessage-noobab"><strong style="color:hsl(187,78%,40%);"><small>★</small><span class="username" data-name="Noobab">Noobab</span>:</strong> <em>masterbating?</em></div><div class="spacer"></div><div>Noobab withdrew Bad Ass the 3rd <small>(Skarmory)</small>!</div><div class="spacer"></div><div>Noobab sent out Creepy Mofo <small>(Sableye-Mega)</small>!</div><div class="spacer"></div><div>Chansey used <strong>Toxic</strong>!</div><div><small>[Opposing Creepy Mofo's Magic Bounce!]</small></div><div>The opposing Creepy Mofo bounced the Toxic back!</div><div><small>Chansey was badly poisoned!</small></div><div class="spacer"></div><div><small>Chansey was hurt by poison!</small></div><h2>Turn 113</h2><div class="spacer"></div><div><small>(Chansey's Natural Cure activated!)</small></div><div class="spacer"></div><div>Chansey, come back!</div><div class="spacer"></div><div>Go! Skarmory!</div><div class="spacer"></div><div>The opposing Creepy Mofo used <strong>Knock Off</strong>!</div><div><small>Skarmory lost 16% of its health!</small><br></div><h2>Turn 114</h2><div class="chat chatmessage-lonkers"><strong style="color:hsl(178,80%,38%);"><small> </small><span class="username" data-name="lonkers">lonkers</span>:</strong> <em>everytime i turn on my tv i just feel like id rather just play my ps4 or something</em></div><div class="chat chatmessage-tabl"><strong style="color:hsl(106,75.5088208%,42.4911792%);"><small> </small><span class="username" data-name="tabl">tabl</span>:</strong> <em>why do you ask?</em></div><div class="spacer"></div><div>Noobab withdrew Creepy Mofo <small>(Sableye-Mega)</small>!</div><div class="spacer"></div><div>Noobab sent out Bad Ass the 3rd <small>(Skarmory)</small>!</div><div class="spacer"></div><div>Skarmory used <strong>Stealth Rock</strong>!</div><div><small>Pointed stones float in the air around the opposing team!</small></div><h2>Turn 115</h2><div class="chat chatmessage-tabl"><strong style="color:hsl(106,75.5088208%,42.4911792%);"><small> </small><span class="username" data-name="tabl">tabl</span>:</strong> <em>lol</em></div><div class="chat chatmessage-tabl"><strong style="color:hsl(106,75.5088208%,42.4911792%);"><small> </small><span class="username" data-name="tabl">tabl</span>:</strong> <em>same</em></div><div class="chat chatmessage-lonkers"><strong style="color:hsl(178,80%,38%);"><small> </small><span class="username" data-name="lonkers">lonkers</span>:</strong> <em>also no that's weird</em></div><div class="spacer"></div><div>Skarmory used <strong>Spikes</strong>!</div><div><small>Spikes were scattered all around the feet of the opposing team!</small></div><div class="spacer"></div><div>The opposing Bad Ass the 3rd used <strong>Defog</strong>!</div><div><small>Skarmory's evasiveness fell! </small></div><div><small>The spikes disappeared from around the opposing team's feet!</small></div><div><small>The pointed stones disappeared from around the opposing team!</small></div><h2>Turn 116</h2><div class="chat chatmessage-noobab"><strong style="color:hsl(187,78%,40%);"><small>★</small><span class="username" data-name="Noobab">Noobab</span>:</strong> <em>ok</em></div><div class="spacer"></div><div>Noobab withdrew Bad Ass the 3rd <small>(Skarmory)</small>!</div><div class="spacer"></div><div>Noobab sent out Chan C Da Fan C <small>(Chansey)</small>!</div><div class="spacer"></div><div>Skarmory used <strong>Stealth Rock</strong>!</div><div><small>Pointed stones float in the air around the opposing team!</small></div><h2>Turn 117</h2><div class="spacer"></div><div>Skarmory, come back!</div><div class="spacer"></div><div>Go! Sableye <small>(Sableye-Mega)</small>!</div><div class="spacer"></div><div>Noobab withdrew Chan C Da Fan C <small>(Chansey)</small>!</div><div class="spacer"></div><div>Noobab sent out Bad Ass the 3rd <small>(Skarmory)</small>!</div><div><small>Pointed stones dug into the opposing Bad Ass the 3rd!</small></div><h2>Turn 118</h2><div class="spacer"></div><div>Sableye, come back!</div><div class="spacer"></div><div>Go! Skarmory!</div><div class="spacer"></div><div>The opposing Bad Ass the 3rd used <strong>Defog</strong>!</div><div><small>Skarmory's evasiveness fell! </small></div><div><small>The pointed stones disappeared from around the opposing team!</small></div><h2>Turn 119</h2><div class="spacer"></div><div>Noobab withdrew Bad Ass the 3rd <small>(Skarmory)</small>!</div><div class="spacer"></div><div>Noobab sent out Creepy Mofo <small>(Sableye-Mega)</small>!</div><div class="spacer"></div><div>Skarmory used <strong>Stealth Rock</strong>!</div><div><small>[Opposing Creepy Mofo's Magic Bounce!]</small></div><div>The opposing Creepy Mofo bounced the Stealth Rock back!</div><div><small>Pointed stones float in the air around your team!</small></div><h2>Turn 120</h2><div class="spacer"></div><div>Skarmory, come back!</div><div class="spacer"></div><div>Go! Sableye <small>(Sableye-Mega)</small>!</div><div><small>Pointed stones dug into Sableye!</small></div><div class="spacer"></div><div>Noobab withdrew Creepy Mofo <small>(Sableye-Mega)</small>!</div><div class="spacer"></div><div>Noobab sent out King Zappy <small>(Zapdos)</small>!</div><h2>Turn 121</h2><div class="spacer"></div><div>Noobab withdrew King Zappy <small>(Zapdos)</small>!</div><div class="spacer"></div><div>Noobab sent out Creepy Mofo <small>(Sableye-Mega)</small>!</div><div class="spacer"></div><div>Sableye, come back!</div><div class="spacer"></div><div>Go! Amoonguss!</div><div><small>Pointed stones dug into Amoonguss!</small></div><h2>Turn 122</h2><div class="chat chatmessage-noobab"><strong style="color:hsl(187,78%,40%);"><small>★</small><span class="username" data-name="Noobab">Noobab</span>:</strong> <em>who is his defogger?</em></div><div class="chat chatmessage-noobab"><strong style="color:hsl(187,78%,40%);"><small>★</small><span class="username" data-name="Noobab">Noobab</span>:</strong> <em>hmmm</em></div><div class="chat chatmessage-lonkers"><strong style="color:hsl(178,80%,38%);"><small> </small><span class="username" data-name="lonkers">lonkers</span>:</strong> <em>niice</em></div><div class="chat chatmessage-lonkers"><strong style="color:hsl(178,80%,38%);"><small> </small><span class="username" data-name="lonkers">lonkers</span>:</strong> <em>you got dem stones</em></div><div class="chat"><small>MSK545454545 left.</small></div><div class="chat chatmessage-noobab"><strong style="color:hsl(187,78%,40%);"><small>★</small><span class="username" data-name="Noobab">Noobab</span>:</strong> <em>indeed</em></div><div class="spacer"></div><div>Amoonguss, come back!</div><div class="spacer"></div><div>Go! Alomomola!</div><div><small>Pointed stones dug into Alomomola!</small></div><div class="spacer"></div><div>Noobab withdrew Creepy Mofo <small>(Sableye-Mega)</small>!</div><div class="spacer"></div><div>Noobab sent out King Zappy <small>(Zapdos)</small>!</div><div class="spacer"></div><div><small>Alomomola restored a little HP using its Leftovers!</small></div><h2>Turn 123</h2><div class="spacer"></div><div>Noobab withdrew King Zappy <small>(Zapdos)</small>!</div><div class="spacer"></div><div>Noobab sent out Creepy Mofo <small>(Sableye-Mega)</small>!</div><div class="spacer"></div><div>Alomomola used <strong>Wish</strong>!</div><div class="spacer"></div><div><small>Alomomola restored a little HP using its Leftovers!</small></div><h2>Turn 124</h2><div class="chat chatmessage-tabl"><strong style="color:hsl(106,75.5088208%,42.4911792%);"><small> </small><span class="username" data-name="tabl">tabl</span>:</strong> <em>pieces of animal waste lined up on the opposing field</em></div><div class="chat chatmessage-noobab"><strong style="color:hsl(187,78%,40%);"><small>★</small><span class="username" data-name="Noobab">Noobab</span>:</strong> <em>as i do not like them stones on my side</em></div><div class="chat chatmessage-lonkers"><strong style="color:hsl(178,80%,38%);"><small> </small><span class="username" data-name="lonkers">lonkers</span>:</strong> <em>this guys screwed now</em></div><div class="spacer"></div><div>Noobab withdrew Creepy Mofo <small>(Sableye-Mega)</small>!</div><div class="spacer"></div><div>Noobab sent out King Zappy <small>(Zapdos)</small>!</div><div class="spacer"></div><div>Alomomola used <strong>Toxic</strong>!</div><div><small>The opposing King Zappy was badly poisoned!</small></div><div class="spacer"></div><div><small>The opposing King Zappy was hurt by poison!</small></div><h2>Turn 125</h2><div class="chat chatmessage-noobab"><strong style="color:hsl(187,78%,40%);"><small>★</small><span class="username" data-name="Noobab">Noobab</span>:</strong> <em>unless u got defogger</em></div><div class="chat chatmessage-lonkers"><strong style="color:hsl(178,80%,38%);"><small> </small><span class="username" data-name="lonkers">lonkers</span>:</strong> <em>lol he has rest anyway</em></div><div class="spacer"></div><div>Alomomola, come back!</div><div class="spacer"></div><div>Go! Chansey!</div><div><small>Pointed stones dug into Chansey!</small></div><div class="spacer"></div><div>The opposing King Zappy used <strong>Rest</strong>!</div><div><small>The opposing King Zappy fell asleep!</small></div><div><small>The opposing King Zappy slept and became healthy!</small></div><h2>Turn 126</h2><div class="chat chatmessage-noobab"><strong style="color:hsl(187,78%,40%);"><small>★</small><span class="username" data-name="Noobab">Noobab</span>:</strong> <em>i need to rest a bit</em></div><div class="chat chatmessage-noobab"><strong style="color:hsl(187,78%,40%);"><small>★</small><span class="username" data-name="Noobab">Noobab</span>:</strong> <em>tired</em></div><div class="spacer"></div><div>Noobab withdrew King Zappy <small>(Zapdos)</small>!</div><div class="spacer"></div><div>Noobab sent out Creepy Mofo <small>(Sableye-Mega)</small>!</div><div class="spacer"></div><div>Chansey, come back!</div><div class="spacer"></div><div>Go! Skarmory!</div><div><small>Pointed stones dug into Skarmory!</small></div><h2>Turn 127</h2><div class="chat chatmessage-noobab"><strong style="color:hsl(187,78%,40%);"><small>★</small><span class="username" data-name="Noobab">Noobab</span>:</strong> <em>hehehe</em></div><div class="spacer"></div><div>Noobab withdrew Creepy Mofo <small>(Sableye-Mega)</small>!</div><div class="spacer"></div><div>Noobab sent out King Zappy <small>(Zapdos)</small>!</div><div class="spacer"></div><div>Skarmory used <strong>Defog</strong>!</div><div><small>The opposing King Zappy's evasiveness fell! </small></div><div><small>The pointed stones disappeared from around your team!</small></div><h2>Turn 128</h2><div class="spacer"></div><div>Noobab withdrew King Zappy <small>(Zapdos)</small>!</div><div class="spacer"></div><div>Noobab sent out Creepy Mofo <small>(Sableye-Mega)</small>!</div><div class="spacer"></div><div>Skarmory, come back!</div><div class="spacer"></div><div>Go! Chansey!</div><h2>Turn 129</h2><div class="chat chatmessage-noobab"><strong style="color:hsl(187,78%,40%);"><small>★</small><span class="username" data-name="Noobab">Noobab</span>:</strong> <em>no attack</em></div><div class="chat chatmessage-noobab"><strong style="color:hsl(187,78%,40%);"><small>★</small><span class="username" data-name="Noobab">Noobab</span>:</strong> <em>his skarm got no attacking moves</em></div><div class="spacer"></div><div>Chansey, come back!</div><div class="spacer"></div><div>Go! Sableye <small>(Sableye-Mega)</small>!</div><div class="spacer"></div><div>Noobab withdrew Creepy Mofo <small>(Sableye-Mega)</small>!</div><div class="spacer"></div><div>Noobab sent out King Zappy <small>(Zapdos)</small>!</div><h2>Turn 130</h2><div class="chat"><small>imahugedork left.</small></div><div class="spacer"></div><div>Sableye, come back!</div><div class="spacer"></div><div>Go! Chansey!</div><div class="spacer"></div><div>The opposing King Zappy is fast asleep.</div><h2>Turn 131</h2><div class="spacer"></div><div>Noobab withdrew King Zappy <small>(Zapdos)</small>!</div><div class="spacer"></div><div>Noobab sent out Creepy Mofo <small>(Sableye-Mega)</small>!</div><div class="spacer"></div><div>Chansey used <strong>Soft-Boiled</strong>!</div><div><small>Chansey restored its HP.</small></div><h2>Turn 132</h2><div class="spacer"></div><div>Chansey, come back!</div><div class="spacer"></div><div>Go! Sableye <small>(Sableye-Mega)</small>!</div><div class="spacer"></div><div>Noobab withdrew Creepy Mofo <small>(Sableye-Mega)</small>!</div><div class="spacer"></div><div>Noobab sent out King Zappy <small>(Zapdos)</small>!</div><h2>Turn 133</h2><div class="spacer"></div><div>Noobab withdrew King Zappy <small>(Zapdos)</small>!</div><div class="spacer"></div><div>Noobab sent out Creepy Mofo <small>(Sableye-Mega)</small>!</div><div class="spacer"></div><div>Sableye, come back!</div><div class="spacer"></div><div>Go! Amoonguss!</div><h2>Turn 134</h2><div class="chat chatmessage-tabl"><strong style="color:hsl(106,75.5088208%,42.4911792%);"><small> </small><span class="username" data-name="tabl">tabl</span>:</strong> <em>once in a stall game the first death occurred turn 551</em></div><div class="spacer"></div><div>Amoonguss, come back!</div><div class="spacer"></div><div>Go! Alomomola!</div><div class="spacer"></div><div>Noobab withdrew Creepy Mofo <small>(Sableye-Mega)</small>!</div><div class="spacer"></div><div>Noobab sent out King Zappy <small>(Zapdos)</small>!</div><h2>Turn 135</h2><div class="chat chatmessage-tabl"><strong style="color:hsl(106,75.5088208%,42.4911792%);"><small> </small><span class="username" data-name="tabl">tabl</span>:</strong> <em>battle lasted 651 turns</em></div><div class="spacer"></div><div>Alomomola, come back!</div><div class="spacer"></div><div>Go! Amoonguss!</div><div class="spacer"></div><div>The opposing King Zappy is fast asleep.</div><h2>Turn 136</h2><div class="chat chatmessage-lonkers"><strong style="color:hsl(178,80%,38%);"><small> </small><span class="username" data-name="lonkers">lonkers</span>:</strong> <em>lol</em></div><div class="chat chatmessage-lonkers"><strong style="color:hsl(178,80%,38%);"><small> </small><span class="username" data-name="lonkers">lonkers</span>:</strong> <em>i really get annoyed in 1v1 stall games</em></div><div class="chat chatmessage-noobab"><strong style="color:hsl(187,78%,40%);"><small>★</small><span class="username" data-name="Noobab">Noobab</span>:</strong> <em>my longest is over 1000 turns</em></div><div class="chat chatmessage-lonkers"><strong style="color:hsl(178,80%,38%);"><small> </small><span class="username" data-name="lonkers">lonkers</span>:</strong> <em>when they wont forefeit</em></div><div class="spacer"></div><div>Noobab withdrew King Zappy <small>(Zapdos)</small>!</div><div class="spacer"></div><div>Noobab sent out Creepy Mofo <small>(Sableye-Mega)</small>!</div><div class="spacer"></div><div>Amoonguss, come back!</div><div class="spacer"></div><div>Go! Chansey!</div><h2>Turn 137</h2><div class="chat chatmessage-lonkers"><strong style="color:hsl(178,80%,38%);"><small> </small><span class="username" data-name="lonkers">lonkers</span>:</strong> <em>my longest was 1000+ too in bh</em></div><div class="spacer"></div><div>Noobab withdrew Creepy Mofo <small>(Sableye-Mega)</small>!</div><div class="spacer"></div><div>Noobab sent out King Zappy <small>(Zapdos)</small>!</div><div class="spacer"></div><div>Chansey used <strong>Toxic</strong>!</div><div><small>But it failed!</small></div><h2>Turn 138</h2><div class="chat chatmessage-lonkers"><strong style="color:hsl(178,80%,38%);"><small> </small><span class="username" data-name="lonkers">lonkers</span>:</strong> <em>friggin deyoxys speed teams</em></div><div class="spacer"></div><div>Noobab withdrew King Zappy <small>(Zapdos)</small>!</div><div class="spacer"></div><div>Noobab sent out Creepy Mofo <small>(Sableye-Mega)</small>!</div><div class="spacer"></div><div>Chansey, come back!</div><div class="spacer"></div><div>Go! Amoonguss!</div><h2>Turn 139</h2><div class="chat chatmessage-tabl"><strong style="color:hsl(106,75.5088208%,42.4911792%);"><small> </small><span class="username" data-name="tabl">tabl</span>:</strong> <em>my longest was &lt;20 turns</em></div><div class="spacer"></div><div>Amoonguss, come back!</div><div class="spacer"></div><div>Go! Sableye <small>(Sableye-Mega)</small>!</div><div class="spacer"></div><div>Noobab withdrew Creepy Mofo <small>(Sableye-Mega)</small>!</div><div class="spacer"></div><div>Noobab sent out King Zappy <small>(Zapdos)</small>!</div><h2>Turn 140</h2><div class="chat chatmessage-tabl"><strong style="color:hsl(106,75.5088208%,42.4911792%);"><small> </small><span class="username" data-name="tabl">tabl</span>:</strong> <em>I'm a noob to this tier</em></div><div class="chat chatmessage-lonkers"><strong style="color:hsl(178,80%,38%);"><small> </small><span class="username" data-name="lonkers">lonkers</span>:</strong> <em>lol</em></div><div class="spacer"></div><div>Noobab withdrew King Zappy <small>(Zapdos)</small>!</div><div class="spacer"></div><div>Noobab sent out Creepy Mofo <small>(Sableye-Mega)</small>!</div><div class="spacer"></div><div>Sableye, come back!</div><div class="spacer"></div><div>Go! Amoonguss!</div><h2>Turn 141</h2><div class="chat chatmessage-noobab"><strong style="color:hsl(187,78%,40%);"><small>★</small><span class="username" data-name="Noobab">Noobab</span>:</strong> <em>no i am the noob?</em></div><div class="chat chatmessage-noobab"><strong style="color:hsl(187,78%,40%);"><small>★</small><span class="username" data-name="Noobab">Noobab</span>:</strong> <em>my name says it all</em></div><div class="chat chatmessage-lonkers"><strong style="color:hsl(178,80%,38%);"><small> </small><span class="username" data-name="lonkers">lonkers</span>:</strong> <em>well you are just a table from amazon after all</em></div><div class="chat chatmessage-tabl"><strong style="color:hsl(106,75.5088208%,42.4911792%);"><small> </small><span class="username" data-name="tabl">tabl</span>:</strong> <em>tru tru</em></div><div class="chat chatmessage-noobab"><strong style="color:hsl(187,78%,40%);"><small>★</small><span class="username" data-name="Noobab">Noobab</span>:</strong> <em>but i will make top 10</em></div><div class="chat chatmessage-noobab"><strong style="color:hsl(187,78%,40%);"><small>★</small><span class="username" data-name="Noobab">Noobab</span>:</strong> <em>watch this</em></div><div class="spacer"></div><div>Noobab withdrew Creepy Mofo <small>(Sableye-Mega)</small>!</div><div class="spacer"></div><div>Noobab sent out King Zappy <small>(Zapdos)</small>!</div><div class="spacer"></div><div>Amoonguss used <strong>Clear Smog</strong>!</div><div><small>The opposing King Zappy lost 9% of its health!</small><br></div><div><small>The opposing King Zappy's stat changes were removed!</small></div><h2>Turn 142</h2><div class="chat chatmessage-lonkers"><strong style="color:hsl(178,80%,38%);"><small> </small><span class="username" data-name="lonkers">lonkers</span>:</strong> <em>orly</em></div><div class="spacer"></div><div>Noobab withdrew King Zappy <small>(Zapdos)</small>!</div><div class="spacer"></div><div>Noobab sent out Chan C Da Fan C <small>(Chansey)</small>!</div><div class="spacer"></div><div>Amoonguss used <strong>Sludge Bomb</strong>!</div><div><small>The opposing Chan C Da Fan C lost 8% of its health!</small><br></div><div><small>The opposing Chan C Da Fan C was poisoned!</small></div><div class="spacer"></div><div><small>The opposing Chan C Da Fan C was hurt by poison!</small></div><h2>Turn 143</h2><div class="chat chatmessage-tabl"><strong style="color:hsl(106,75.5088208%,42.4911792%);"><small> </small><span class="username" data-name="tabl">tabl</span>:</strong> <em>I tried to make top 10 pu on my alt because I'm too uncool for ou</em></div><div class="spacer"></div><div><small>(The opposing Chan C Da Fan C's Natural Cure activated!)</small></div><div class="spacer"></div><div>Noobab withdrew Chan C Da Fan C <small>(Chansey)</small>!</div><div class="spacer"></div><div>Noobab sent out King Zappy <small>(Zapdos)</small>!</div><div class="spacer"></div><div>Amoonguss, come back!</div><div class="spacer"></div><div>Go! Sableye <small>(Sableye-Mega)</small>!</div><h2>Turn 144</h2><div class="chat chatmessage-tabl"><strong style="color:hsl(106,75.5088208%,42.4911792%);"><small> </small><span class="username" data-name="tabl">tabl</span>:</strong> <em>got rekt and lost &gt;100 rating</em></div><div class="chat chatmessage-noobab"><strong style="color:hsl(187,78%,40%);"><small>★</small><span class="username" data-name="Noobab">Noobab</span>:</strong> <em>read my name backwards though</em></div><div class="spacer"></div><div>Noobab withdrew King Zappy <small>(Zapdos)</small>!</div><div class="spacer"></div><div>Noobab sent out Creepy Mofo <small>(Sableye-Mega)</small>!</div><div class="spacer"></div><div>Sableye used <strong>Knock Off</strong>!</div><div><small>The opposing Creepy Mofo lost 19% of its health!</small><br></div><h2>Turn 145</h2><div class="chat chatmessage-tabl"><strong style="color:hsl(106,75.5088208%,42.4911792%);"><small> </small><span class="username" data-name="tabl">tabl</span>:</strong> <em>ayy that meme</em></div><div class="chat chatmessage-lonkers"><strong style="color:hsl(178,80%,38%);"><small> </small><span class="username" data-name="lonkers">lonkers</span>:</strong> <em>are you sure youll beat NT</em></div><div class="spacer"></div><div>Noobab withdrew Creepy Mofo <small>(Sableye-Mega)</small>!</div><div class="spacer"></div><div>Noobab sent out King Zappy <small>(Zapdos)</small>!</div><div class="spacer"></div><div>Sableye, come back!</div><div class="spacer"></div><div>Go! Quagsire!</div><h2>Turn 146</h2><div class="chat chatmessage-noobab"><strong style="color:hsl(187,78%,40%);"><small>★</small><span class="username" data-name="Noobab">Noobab</span>:</strong> <em>NT?</em></div><div class="chat chatmessage-lonkers"><strong style="color:hsl(178,80%,38%);"><small> </small><span class="username" data-name="lonkers">lonkers</span>:</strong> <em>that guy who has random numbers and leters afte nt</em></div><div class="chat chatmessage-lonkers"><strong style="color:hsl(178,80%,38%);"><small> </small><span class="username" data-name="lonkers">lonkers</span>:</strong> <em>lo*</em></div><div class="spacer"></div><div>Noobab withdrew King Zappy <small>(Zapdos)</small>!</div><div class="spacer"></div><div>Noobab sent out Chan C Da Fan C <small>(Chansey)</small>!</div><div class="spacer"></div><div>Quagsire used <strong>Scald</strong>!</div><div><small>The opposing Chan C Da Fan C lost 5% of its health!</small><br></div><h2>Turn 147</h2><div class="chat chatmessage-lonkers"><strong style="color:hsl(178,80%,38%);"><small> </small><span class="username" data-name="lonkers">lonkers</span>:</strong> <em>lt*</em></div><div class="spacer"></div><div>Noobab withdrew Chan C Da Fan C <small>(Chansey)</small>!</div><div class="spacer"></div><div>Noobab sent out King Zappy <small>(Zapdos)</small>!</div><div class="spacer"></div><div>Quagsire used <strong>Scald</strong>!</div><div><small>The opposing King Zappy lost 14% of its health!</small><br></div><h2>Turn 148</h2><div class="chat chatmessage-lonkers"><strong style="color:hsl(178,80%,38%);"><small> </small><span class="username" data-name="lonkers">lonkers</span>:</strong> <em>like LT7J</em></div><div class="spacer"></div><div>Noobab withdrew King Zappy <small>(Zapdos)</small>!</div><div class="spacer"></div><div>Noobab sent out Chan C Da Fan C <small>(Chansey)</small>!</div><div class="spacer"></div><div>Quagsire used <strong>Scald</strong>!</div><div><small>The opposing Chan C Da Fan C lost 7% of its health!</small><br></div><h2>Turn 149</h2><div class="spacer"></div><div>Noobab withdrew Chan C Da Fan C <small>(Chansey)</small>!</div><div class="spacer"></div><div>Noobab sent out King Zappy <small>(Zapdos)</small>!</div><div class="spacer"></div><div>Quagsire used <strong>Scald</strong>!</div><div><small>The opposing King Zappy lost 13% of its health!</small><br></div><h2>Turn 150</h2><div class="spacer"></div><div><small>The opposing King Zappy woke up!</small></div><div class="spacer"></div><div>The opposing King Zappy used <strong>Rest</strong>!</div><div><small>The opposing King Zappy fell asleep!</small></div><div><small>The opposing King Zappy slept and became healthy!</small></div><div class="spacer"></div><div>Quagsire used <strong>Scald</strong>!</div><div><small>The opposing King Zappy lost 12% of its health!</small><br></div><h2>Turn 151</h2><div class="chat chatmessage-noobab"><strong style="color:hsl(187,78%,40%);"><small>★</small><span class="username" data-name="Noobab">Noobab</span>:</strong> <em>i need to rest</em></div><div class="chat chatmessage-noobab"><strong style="color:hsl(187,78%,40%);"><small>★</small><span class="username" data-name="Noobab">Noobab</span>:</strong> <em>a bit tired</em></div><div class="spacer"></div><div>Quagsire, come back!</div><div class="spacer"></div><div>Go! Amoonguss!</div><div class="spacer"></div><div>The opposing King Zappy is fast asleep.</div><h2>Turn 152</h2><div class="spacer"></div><div>The opposing King Zappy is fast asleep.</div><div class="spacer"></div><div>Amoonguss used <strong>Sludge Bomb</strong>!</div><div><small>The opposing King Zappy lost 18% of its health!</small><br></div><h2>Turn 153</h2><div class="spacer"></div><div>Noobab withdrew King Zappy <small>(Zapdos)</small>!</div><div class="spacer"></div><div>Noobab sent out Bad Ass the 3rd <small>(Skarmory)</small>!</div><div class="spacer"></div><div>Amoonguss, come back!</div><div class="spacer"></div><div>Go! Quagsire!</div><h2>Turn 154</h2><div class="spacer"></div><div>Noobab withdrew Bad Ass the 3rd <small>(Skarmory)</small>!</div><div class="spacer"></div><div>Noobab sent out King Zappy <small>(Zapdos)</small>!</div><div class="spacer"></div><div>Quagsire, come back!</div><div class="spacer"></div><div>Go! Sableye <small>(Sableye-Mega)</small>!</div><h2>Turn 155</h2><div class="spacer"></div><div>Noobab withdrew King Zappy <small>(Zapdos)</small>!</div><div class="spacer"></div><div>Noobab sent out Creepy Mofo <small>(Sableye-Mega)</small>!</div><div class="spacer"></div><div>Sableye, come back!</div><div class="spacer"></div><div>Go! Amoonguss!</div><h2>Turn 156</h2><div class="spacer"></div><div>Amoonguss, come back!</div><div class="spacer"></div><div>Go! Sableye <small>(Sableye-Mega)</small>!</div><div class="spacer"></div><div>Noobab withdrew Creepy Mofo <small>(Sableye-Mega)</small>!</div><div class="spacer"></div><div>Noobab sent out King Zappy <small>(Zapdos)</small>!</div><h2>Turn 157</h2><div class="spacer"></div><div>Noobab withdrew King Zappy <small>(Zapdos)</small>!</div><div class="spacer"></div><div>Noobab sent out Creepy Mofo <small>(Sableye-Mega)</small>!</div><div class="spacer"></div><div>Sableye, come back!</div><div class="spacer"></div><div>Go! Amoonguss!</div><h2>Turn 158</h2><div class="spacer"></div><div>Amoonguss, come back!</div><div class="spacer"></div><div>Go! Sableye <small>(Sableye-Mega)</small>!</div><div class="spacer"></div><div>Noobab withdrew Creepy Mofo <small>(Sableye-Mega)</small>!</div><div class="spacer"></div><div>Noobab sent out King Zappy <small>(Zapdos)</small>!</div><h2>Turn 159</h2><div class="spacer"></div><div><small>The opposing King Zappy woke up!</small></div><div class="spacer"></div><div>The opposing King Zappy used <strong>Volt Switch</strong>!</div><div><small>Sableye lost 29% of its health!</small><br></div><div class="spacer"></div><div>The opposing King Zappy went back to Noobab!</div><div class="spacer"></div><div>Noobab sent out Creepy Mofo <small>(Sableye-Mega)</small>!</div><div class="spacer"></div><div>Sableye used <strong>Knock Off</strong>!</div><div><small>The opposing Creepy Mofo lost 20% of its health!</small><br></div><h2>Turn 160</h2><div class="spacer"></div><div>The opposing Creepy Mofo used <strong>Recover</strong>!</div><div><small>The opposing Creepy Mofo restored its HP.</small></div><div class="spacer"></div><div>Sableye used <strong>Recover</strong>!</div><div><small>Sableye restored its HP.</small></div><h2>Turn 161</h2><div class="chat"><small>Skoby joined.</small></div><div class="chat"><small>Zigzagoon 14 joined.</small></div><div class="chat"><small>Skoby left.</small></div><div class="chat"><small>Skoby joined.</small></div><div class="spacer"></div><div>Noobab withdrew Creepy Mofo <small>(Sableye-Mega)</small>!</div><div class="spacer"></div><div>Noobab sent out King Zappy <small>(Zapdos)</small>!</div><div class="spacer"></div><div>Sableye used <strong>Knock Off</strong>!</div><div><small>The opposing King Zappy lost 19% of its health!</small><br></div><div><small>[Opposing King Zappy's Static!]</small></div><div><small>Sableye is paralyzed! It may be unable to move!</small></div><h2>Turn 162</h2><div class="chat chatmessage-noobab"><strong style="color:hsl(187,78%,40%);"><small>★</small><span class="username" data-name="Noobab">Noobab</span>:</strong> <em>there we have it ladies and gents</em></div><div class="chat"><small>Skoby left.</small></div><div class="spacer"></div><div>Noobab withdrew King Zappy <small>(Zapdos)</small>!</div><div class="spacer"></div><div>Noobab sent out Creepy Mofo <small>(Sableye-Mega)</small>!</div><div class="spacer"></div><div>Sableye is paralyzed! It can't move!</div><h2>Turn 163</h2><div class="spacer"></div><div>Noobab withdrew Creepy Mofo <small>(Sableye-Mega)</small>!</div><div class="spacer"></div><div>Noobab sent out King Zappy <small>(Zapdos)</small>!</div><div class="spacer"></div><div>Sableye, come back!</div><div class="spacer"></div><div>Go! Alomomola!</div><h2>Turn 164</h2><div class="spacer"></div><div>Noobab withdrew King Zappy <small>(Zapdos)</small>!</div><div class="spacer"></div><div>Noobab sent out Creepy Mofo <small>(Sableye-Mega)</small>!</div><div class="spacer"></div><div>Alomomola, come back!</div><div class="spacer"></div><div>Go! Amoonguss!</div><h2>Turn 165</h2><div class="spacer"></div><div>Amoonguss, come back!</div><div class="spacer"></div><div>Go! Alomomola!</div><div class="spacer"></div><div>Noobab withdrew Creepy Mofo <small>(Sableye-Mega)</small>!</div><div class="spacer"></div><div>Noobab sent out King Zappy <small>(Zapdos)</small>!</div><h2>Turn 166</h2><div class="chat"><small>lonkers left.</small></div><div class="spacer"></div><div>Noobab withdrew King Zappy <small>(Zapdos)</small>!</div><div class="spacer"></div><div>Noobab sent out Creepy Mofo <small>(Sableye-Mega)</small>!</div><div class="spacer"></div><div>Alomomola, come back!</div><div class="spacer"></div><div>Go! Amoonguss!</div><h2>Turn 167</h2><div class="spacer"></div><div>Amoonguss, come back!</div><div class="spacer"></div><div>Go! Alomomola!</div><div class="spacer"></div><div>Noobab withdrew Creepy Mofo <small>(Sableye-Mega)</small>!</div><div class="spacer"></div><div>Noobab sent out King Zappy <small>(Zapdos)</small>!</div><h2>Turn 168</h2><div class="spacer"></div><div>Noobab withdrew King Zappy <small>(Zapdos)</small>!</div><div class="spacer"></div><div>Noobab sent out Creepy Mofo <small>(Sableye-Mega)</small>!</div><div class="spacer"></div><div>Alomomola, come back!</div><div class="spacer"></div><div>Go! Amoonguss!</div><h2>Turn 169</h2><div class="spacer"></div><div>Noobab withdrew Creepy Mofo <small>(Sableye-Mega)</small>!</div><div class="spacer"></div><div>Noobab sent out King Zappy <small>(Zapdos)</small>!</div><div class="spacer"></div><div>Amoonguss used <strong>Energy Ball</strong>!</div><div><small>It's not very effective... </small><small>The opposing King Zappy lost 9% of its health!</small><br></div><h2>Turn 170</h2><div class="chat chatmessage-noobab"><strong style="color:hsl(187,78%,40%);"><small>★</small><span class="username" data-name="Noobab">Noobab</span>:</strong> <em>lol what?</em></div><div class="chat chatmessage-noobab"><strong style="color:hsl(187,78%,40%);"><small>★</small><span class="username" data-name="Noobab">Noobab</span>:</strong> <em>what in the actual fuck</em></div><div class="spacer"></div><div>Amoonguss, come back!</div><div class="spacer"></div><div>Go! Quagsire!</div><div class="spacer"></div><div>The opposing King Zappy used <strong>Rest</strong>!</div><div><small>The opposing King Zappy fell asleep!</small></div><div><small>The opposing King Zappy slept and became healthy!</small></div><h2>Turn 171</h2><div class="chat chatmessage-zigzagoon14"><strong style="color:hsl(233,44.103629600000005%,53.103629600000005%);"><small> </small><span class="username" data-name="Zigzagoon 14">Zigzagoon 14</span>:</strong> <em>what's happening</em></div><div class="spacer"></div><div>The opposing King Zappy is fast asleep.</div><div class="spacer"></div><div>Quagsire used <strong>Scald</strong>!</div><div><small>The opposing King Zappy lost 12% of its health!</small><br></div><h2>Turn 172</h2><div class="spacer"></div><div>Quagsire, come back!</div><div class="spacer"></div><div>Go! Amoonguss!</div><div class="spacer"></div><div>The opposing King Zappy is fast asleep.</div><h2>Turn 173</h2><div class="chat chatmessage-tabl"><strong style="color:hsl(106,75.5088208%,42.4911792%);"><small> </small><span class="username" data-name="tabl">tabl</span>:</strong> <em>a pokémon battle</em></div><div class="chat chatmessage-tabl"><strong style="color:hsl(106,75.5088208%,42.4911792%);"><small> </small><span class="username" data-name="tabl">tabl</span>:</strong> <em>that's what is happening</em></div><div class="chat chatmessage-noobab"><strong style="color:hsl(187,78%,40%);"><small>★</small><span class="username" data-name="Noobab">Noobab</span>:</strong> <em>he has energy ball on his amoonguss instead of giga drain</em></div><div class="spacer"></div><div>Noobab withdrew King Zappy <small>(Zapdos)</small>!</div><div class="spacer"></div><div>Noobab sent out Creepy Mofo <small>(Sableye-Mega)</small>!</div><div class="spacer"></div><div>Amoonguss used <strong>Energy Ball</strong>!</div><div><small>The opposing Creepy Mofo lost 21% of its health!</small><br></div><h2>Turn 174</h2><div class="spacer"></div><div>Amoonguss, come back!</div><div class="spacer"></div><div>Go! Alomomola!</div><div class="spacer"></div><div>Noobab withdrew Creepy Mofo <small>(Sableye-Mega)</small>!</div><div class="spacer"></div><div>Noobab sent out King Zappy <small>(Zapdos)</small>!</div><h2>Turn 175</h2><div class="spacer"></div><div>Noobab withdrew King Zappy <small>(Zapdos)</small>!</div><div class="spacer"></div><div>Noobab sent out I'm Lazy AF <small>(Quagsire)</small>!</div><div class="spacer"></div><div>Alomomola, come back!</div><div class="spacer"></div><div>Go! Sableye <small>(Sableye-Mega)</small>!</div><h2>Turn 176</h2><div class="spacer"></div><div>Noobab withdrew I'm Lazy AF <small>(Quagsire)</small>!</div><div class="spacer"></div><div>Noobab sent out King Zappy <small>(Zapdos)</small>!</div><div class="spacer"></div><div>Sableye, come back!</div><div class="spacer"></div><div>Go! Amoonguss!</div><h2>Turn 177</h2><div class="spacer"></div><div>Noobab withdrew King Zappy <small>(Zapdos)</small>!</div><div class="spacer"></div><div>Noobab sent out Bad Ass the 3rd <small>(Skarmory)</small>!</div><div class="spacer"></div><div>Amoonguss used <strong>Foul Play</strong>!</div><div><small>The opposing Bad Ass the 3rd lost 11% of its health!</small><br></div><div><small>Amoonguss is hurt by the opposing Bad Ass the 3rd's Rocky Helmet!</small></div><h2>Turn 178</h2><div class="spacer"></div><div>Noobab withdrew Bad Ass the 3rd <small>(Skarmory)</small>!</div><div class="spacer"></div><div>Noobab sent out King Zappy <small>(Zapdos)</small>!</div><div class="spacer"></div><div>Amoonguss, come back!</div><div class="spacer"></div><div>Go! Sableye <small>(Sableye-Mega)</small>!</div><h2>Turn 179</h2><div class="spacer"></div><div>Noobab withdrew King Zappy <small>(Zapdos)</small>!</div><div class="spacer"></div><div>Noobab sent out Creepy Mofo <small>(Sableye-Mega)</small>!</div><div class="spacer"></div><div>Sableye, come back!</div><div class="spacer"></div><div>Go! Amoonguss!</div><h2>Turn 180</h2><div class="spacer"></div><div>Amoonguss, come back!</div><div class="spacer"></div><div>Go! Sableye <small>(Sableye-Mega)</small>!</div><div class="spacer"></div><div>Noobab withdrew Creepy Mofo <small>(Sableye-Mega)</small>!</div><div class="spacer"></div><div>Noobab sent out King Zappy <small>(Zapdos)</small>!</div><h2>Turn 181</h2><div class="spacer"></div><div>Noobab withdrew King Zappy <small>(Zapdos)</small>!</div><div class="spacer"></div><div>Noobab sent out Creepy Mofo <small>(Sableye-Mega)</small>!</div><div class="spacer"></div><div>Sableye, come back!</div><div class="spacer"></div><div>Go! Amoonguss!</div><h2>Turn 182</h2><div class="spacer"></div><div>Amoonguss, come back!</div><div class="spacer"></div><div>Go! Quagsire!</div><div class="spacer"></div><div>Noobab withdrew Creepy Mofo <small>(Sableye-Mega)</small>!</div><div class="spacer"></div><div>Noobab sent out King Zappy <small>(Zapdos)</small>!</div><h2>Turn 183</h2><div class="chat chatmessage-noobab"><strong style="color:hsl(187,78%,40%);"><small>★</small><span class="username" data-name="Noobab">Noobab</span>:</strong> <em>it could be assault vest amoong</em></div><div class="spacer"></div><div>Noobab withdrew King Zappy <small>(Zapdos)</small>!</div><div class="spacer"></div><div>Noobab sent out Creepy Mofo <small>(Sableye-Mega)</small>!</div><div class="spacer"></div><div>Quagsire, come back!</div><div class="spacer"></div><div>Go! Amoonguss!</div><h2>Turn 184</h2><div class="spacer"></div><div>Amoonguss, come back!</div><div class="spacer"></div><div>Go! Sableye <small>(Sableye-Mega)</small>!</div><div class="spacer"></div><div>Noobab withdrew Creepy Mofo <small>(Sableye-Mega)</small>!</div><div class="spacer"></div><div>Noobab sent out King Zappy <small>(Zapdos)</small>!</div><h2>Turn 185</h2><div class="spacer"></div><div>Noobab withdrew King Zappy <small>(Zapdos)</small>!</div><div class="spacer"></div><div>Noobab sent out Creepy Mofo <small>(Sableye-Mega)</small>!</div><div class="spacer"></div><div>Sableye, come back!</div><div class="spacer"></div><div>Go! Amoonguss!</div><h2>Turn 186</h2><div class="chat chatmessage-zigzagoon14"><strong style="color:hsl(233,44.103629600000005%,53.103629600000005%);"><small> </small><span class="username" data-name="Zigzagoon 14">Zigzagoon 14</span>:</strong> <em>absurd amount of switching tho</em></div><div class="spacer"></div><div>Amoonguss, come back!</div><div class="spacer"></div><div>Go! Sableye <small>(Sableye-Mega)</small>!</div><div class="spacer"></div><div>Noobab withdrew Creepy Mofo <small>(Sableye-Mega)</small>!</div><div class="spacer"></div><div>Noobab sent out King Zappy <small>(Zapdos)</small>!</div><h2>Turn 187</h2><div class="chat chatmessage-noobab"><strong style="color:hsl(187,78%,40%);"><small>★</small><span class="username" data-name="Noobab">Noobab</span>:</strong> <em>no shit sherlock</em></div><div class="spacer"></div><div>Noobab withdrew King Zappy <small>(Zapdos)</small>!</div><div class="spacer"></div><div>Noobab sent out Creepy Mofo <small>(Sableye-Mega)</small>!</div><div class="spacer"></div><div>Sableye, come back!</div><div class="spacer"></div><div>Go! Amoonguss!</div><h2>Turn 188</h2><div class="spacer"></div><div>Noobab withdrew Creepy Mofo <small>(Sableye-Mega)</small>!</div><div class="spacer"></div><div>Noobab sent out King Zappy <small>(Zapdos)</small>!</div><div class="spacer"></div><div>Amoonguss used <strong>Clear Smog</strong>!</div><div><small>The opposing King Zappy lost 11% of its health!</small><br></div><div><small>The opposing King Zappy's stat changes were removed!</small></div><h2>Turn 189</h2><div class="chat chatmessage-tabl"><strong style="color:hsl(106,75.5088208%,42.4911792%);"><small> </small><span class="username" data-name="tabl">tabl</span>:</strong> <em>this is intense</em></div><div class="spacer"></div><div><small>The opposing King Zappy woke up!</small></div><div class="spacer"></div><div>The opposing King Zappy used <strong>Heat Wave</strong>!</div><div><small>It's super effective! </small><small>Amoonguss lost 33% of its health!</small><br></div><div class="spacer"></div><div>Amoonguss used <strong>Sludge Bomb</strong>!</div><div><small>The opposing King Zappy lost 19% of its health!</small><br></div><h2>Turn 190</h2><div class="spacer"></div><div>Amoonguss, come back!</div><div class="spacer"></div><div>Go! Chansey!</div><div class="spacer"></div><div>The opposing King Zappy used <strong>Volt Switch</strong>!</div><div><small>Chansey lost 9% of its health!</small><br></div><div class="chat chatmessage-tabl"><strong style="color:hsl(106,75.5088208%,42.4911792%);"><small> </small><span class="username" data-name="tabl">tabl</span>:</strong> <em>*battle intensifies</em></div><div class="spacer"></div><div>The opposing King Zappy went back to Noobab!</div><div class="spacer"></div><div>Noobab sent out Creepy Mofo <small>(Sableye-Mega)</small>!</div><h2>Turn 191</h2><div class="chat chatmessage-noobab"><strong style="color:hsl(187,78%,40%);"><small>★</small><span class="username" data-name="Noobab">Noobab</span>:</strong> <em>how intense?</em></div><div class="spacer"></div><div>Noobab withdrew Creepy Mofo <small>(Sableye-Mega)</small>!</div><div class="spacer"></div><div>Noobab sent out King Zappy <small>(Zapdos)</small>!</div><div class="spacer"></div><div>Chansey used <strong>Toxic</strong>!</div><div><small>The opposing King Zappy was badly poisoned!</small></div><div class="spacer"></div><div><small>The opposing King Zappy was hurt by poison!</small></div><h2>Turn 192</h2><div class="chat chatmessage-tabl"><strong style="color:hsl(106,75.5088208%,42.4911792%);"><small> </small><span class="username" data-name="tabl">tabl</span>:</strong> <em>Switch more! SWITCH MORE! I said MORE!!!</em></div><div class="spacer"></div><div>Noobab withdrew King Zappy <small>(Zapdos)</small>!</div><div class="spacer"></div><div>Noobab sent out Creepy Mofo <small>(Sableye-Mega)</small>!</div><div class="spacer"></div><div>Chansey used <strong>Seismic Toss</strong>!</div><div><small>It doesn't affect the opposing Creepy Mofo... </small></div><h2>Turn 193</h2><div class="chat chatmessage-noobab"><strong style="color:hsl(187,78%,40%);"><small>★</small><span class="username" data-name="Noobab">Noobab</span>:</strong> <em>yes sir</em></div><div class="spacer"></div><div>Chansey, come back!</div><div class="spacer"></div><div>Go! Sableye <small>(Sableye-Mega)</small>!</div><div class="spacer"></div><div>Noobab withdrew Creepy Mofo <small>(Sableye-Mega)</small>!</div><div class="spacer"></div><div>Noobab sent out King Zappy <small>(Zapdos)</small>!</div><div class="spacer"></div><div><small>The opposing King Zappy was hurt by poison!</small></div><h2>Turn 194</h2><div class="spacer"></div><div>The opposing King Zappy used <strong>Rest</strong>!</div><div><small>The opposing King Zappy fell asleep!</small></div><div><small>The opposing King Zappy slept and became healthy!</small></div><div class="spacer"></div><div>Sableye is paralyzed! It can't move!</div><h2>Turn 195</h2><div class="chat chatmessage-noobab"><strong style="color:hsl(187,78%,40%);"><small>★</small><span class="username" data-name="Noobab">Noobab</span>:</strong> <em>i just to rest</em></div><div class="chat chatmessage-noobab"><strong style="color:hsl(187,78%,40%);"><small>★</small><span class="username" data-name="Noobab">Noobab</span>:</strong> <em>tired</em></div><div class="spacer"></div><div>Noobab withdrew King Zappy <small>(Zapdos)</small>!</div><div class="spacer"></div><div>Noobab sent out Creepy Mofo <small>(Sableye-Mega)</small>!</div><div class="spacer"></div><div>Sableye used <strong>Knock Off</strong>!</div><div><small>The opposing Creepy Mofo lost 16% of its health!</small><br></div><h2>Turn 196</h2><div class="chat chatmessage-zigzagoon14"><strong style="color:hsl(233,44.103629600000005%,53.103629600000005%);"><small> </small><span class="username" data-name="Zigzagoon 14">Zigzagoon 14</span>:</strong> <em>just use knock off on the switch</em></div><div class="chat chatmessage-zigzagoon14"><strong style="color:hsl(233,44.103629600000005%,53.103629600000005%);"><small> </small><span class="username" data-name="Zigzagoon 14">Zigzagoon 14</span>:</strong> <em>why so many</em></div><div class="spacer"></div><div>Noobab withdrew Creepy Mofo <small>(Sableye-Mega)</small>!</div><div class="spacer"></div><div>Noobab sent out King Zappy <small>(Zapdos)</small>!</div><div class="spacer"></div><div>Sableye, come back!</div><div class="spacer"></div><div>Go! Alomomola!</div><h2>Turn 197</h2><div class="spacer"></div><div>Alomomola, come back!</div><div class="spacer"></div><div>Go! Amoonguss!</div><div class="spacer"></div><div>The opposing King Zappy is fast asleep.</div><h2>Turn 198</h2><div class="spacer"></div><div>Noobab withdrew King Zappy <small>(Zapdos)</small>!</div><div class="spacer"></div><div>Noobab sent out Chan C Da Fan C <small>(Chansey)</small>!</div><div class="spacer"></div><div>Amoonguss, come back!</div><div class="spacer"></div><div>Go! Chansey!</div><h2>Turn 199</h2><div class="spacer"></div><div>Chansey, come back!</div><div class="spacer"></div><div>Go! Sableye <small>(Sableye-Mega)</small>!</div><div class="spacer"></div><div>Noobab withdrew Chan C Da Fan C <small>(Chansey)</small>!</div><div class="spacer"></div><div>Noobab sent out I'm Sexy AF <small>(Clefable)</small>!</div><h2>Turn 200</h2><div class="spacer"></div><div>Sableye, come back!</div><div class="spacer"></div><div>Go! Chansey!</div><div class="spacer"></div><div>The opposing I'm Sexy AF used <strong>Wish</strong>!</div><h2>Turn 201</h2><div class="spacer"></div><div>Noobab withdrew I'm Sexy AF <small>(Clefable)</small>!</div><div class="spacer"></div><div>Noobab sent out Creepy Mofo <small>(Sableye-Mega)</small>!</div><div class="spacer"></div><div>Chansey used <strong>Heal Bell</strong>!</div><div><small>A bell chimed!</small></div><div><small>Sableye was cured of paralysis.</small></div><div class="spacer"></div><div><small>I'm Sexy AF's wish came true!</small></div><h2>Turn 202</h2><div class="spacer"></div><div>Chansey, come back!</div><div class="spacer"></div><div>Go! Sableye <small>(Sableye-Mega)</small>!</div><div class="spacer"></div><div>Noobab withdrew Creepy Mofo <small>(Sableye-Mega)</small>!</div><div class="spacer"></div><div>Noobab sent out King Zappy <small>(Zapdos)</small>!</div><h2>Turn 203</h2><div class="chat chatmessage-tabl"><strong style="color:hsl(106,75.5088208%,42.4911792%);"><small> </small><span class="username" data-name="tabl">tabl</span>:</strong> <em>turn 4 paralysis lol</em></div><div class="spacer"></div><div>Noobab withdrew King Zappy <small>(Zapdos)</small>!</div><div class="spacer"></div><div>Noobab sent out Creepy Mofo <small>(Sableye-Mega)</small>!</div><div class="spacer"></div><div>Sableye, come back!</div><div class="spacer"></div><div>Go! Amoonguss!</div><h2>Turn 204</h2><div class="spacer"></div><div>Amoonguss, come back!</div><div class="spacer"></div><div>Go! Sableye <small>(Sableye-Mega)</small>!</div><div class="spacer"></div><div>The opposing Creepy Mofo used <strong>Knock Off</strong>!</div><div><small>Sableye lost 13% of its health!</small><br></div><h2>Turn 205</h2><div class="spacer"></div><div>Noobab withdrew Creepy Mofo <small>(Sableye-Mega)</small>!</div><div class="spacer"></div><div>Noobab sent out King Zappy <small>(Zapdos)</small>!</div><div class="spacer"></div><div>Sableye, come back!</div><div class="spacer"></div><div>Go! Skarmory!</div><h2>Turn 206</h2><div class="spacer"></div><div>Noobab withdrew King Zappy <small>(Zapdos)</small>!</div><div class="spacer"></div><div>Noobab sent out Bad Ass the 3rd <small>(Skarmory)</small>!</div><div class="spacer"></div><div>Skarmory, come back!</div><div class="spacer"></div><div>Go! Amoonguss!</div><h2>Turn 207</h2><div class="spacer"></div><div>Noobab withdrew Bad Ass the 3rd <small>(Skarmory)</small>!</div><div class="spacer"></div><div>Noobab sent out King Zappy <small>(Zapdos)</small>!</div><div class="spacer"></div><div>Amoonguss, come back!</div><div class="spacer"></div><div>Go! Skarmory!</div><h2>Turn 208</h2><div class="chat chatmessage-noobab"><strong style="color:hsl(187,78%,40%);"><small>★</small><span class="username" data-name="Noobab">Noobab</span>:</strong> <em>amoonguss is walled by my ultimate skarm</em></div><div class="spacer"></div><div>Noobab withdrew King Zappy <small>(Zapdos)</small>!</div><div class="spacer"></div><div>Noobab sent out Bad Ass the 3rd <small>(Skarmory)</small>!</div><div class="spacer"></div><div>Skarmory, come back!</div><div class="spacer"></div><div>Go! Amoonguss!</div><h2>Turn 209</h2><div class="spacer"></div><div>Noobab withdrew Bad Ass the 3rd <small>(Skarmory)</small>!</div><div class="spacer"></div><div>Noobab sent out King Zappy <small>(Zapdos)</small>!</div><div class="spacer"></div><div>Amoonguss, come back!</div><div class="spacer"></div><div>Go! Skarmory!</div><h2>Turn 210</h2><div class="spacer"></div><div>Noobab withdrew King Zappy <small>(Zapdos)</small>!</div><div class="spacer"></div><div>Noobab sent out Bad Ass the 3rd <small>(Skarmory)</small>!</div><div class="spacer"></div><div>Skarmory, come back!</div><div class="spacer"></div><div>Go! Amoonguss!</div><h2>Turn 211</h2><div class="spacer"></div><div>Noobab withdrew Bad Ass the 3rd <small>(Skarmory)</small>!</div><div class="spacer"></div><div>Noobab sent out Creepy Mofo <small>(Sableye-Mega)</small>!</div><div class="spacer"></div><div>Amoonguss used <strong>Sludge Bomb</strong>!</div><div><small>It's not very effective... </small><small>The opposing Creepy Mofo lost 10% of its health!</small><br></div><h2>Turn 212</h2><div class="spacer"></div><div>Amoonguss, come back!</div><div class="spacer"></div><div>Go! Skarmory!</div><div class="spacer"></div><div>Noobab withdrew Creepy Mofo <small>(Sableye-Mega)</small>!</div><div class="spacer"></div><div>Noobab sent out King Zappy <small>(Zapdos)</small>!</div><h2>Turn 213</h2><div class="spacer"></div><div>Noobab withdrew King Zappy <small>(Zapdos)</small>!</div><div class="spacer"></div><div>Noobab sent out Bad Ass the 3rd <small>(Skarmory)</small>!</div><div class="spacer"></div><div>Skarmory used <strong>Stealth Rock</strong>!</div><div><small>Pointed stones float in the air around the opposing team!</small></div><h2>Turn 214</h2><div class="spacer"></div><div>Skarmory used <strong>Spikes</strong>!</div><div><small>Spikes were scattered all around the feet of the opposing team!</small></div><div class="spacer"></div><div>The opposing Bad Ass the 3rd used <strong>Defog</strong>!</div><div><small>Skarmory's evasiveness fell! </small></div><div><small>The spikes disappeared from around the opposing team's feet!</small></div><div><small>The pointed stones disappeared from around the opposing team!</small></div><h2>Turn 215</h2><div class="spacer"></div><div>Noobab withdrew Bad Ass the 3rd <small>(Skarmory)</small>!</div><div class="spacer"></div><div>Noobab sent out King Zappy <small>(Zapdos)</small>!</div><div class="spacer"></div><div>Skarmory, come back!</div><div class="spacer"></div><div>Go! Sableye <small>(Sableye-Mega)</small>!</div><h2>Turn 216</h2><div class="spacer"></div><div>Noobab withdrew King Zappy <small>(Zapdos)</small>!</div><div class="spacer"></div><div>Noobab sent out Creepy Mofo <small>(Sableye-Mega)</small>!</div><div class="spacer"></div><div>Sableye, come back!</div><div class="spacer"></div><div>Go! Chansey!</div><h2>Turn 217</h2><div class="spacer"></div><div>Chansey, come back!</div><div class="spacer"></div><div>Go! Skarmory!</div><div class="spacer"></div><div>Noobab withdrew Creepy Mofo <small>(Sableye-Mega)</small>!</div><div class="spacer"></div><div>Noobab sent out King Zappy <small>(Zapdos)</small>!</div><h2>Turn 218</h2><div class="spacer"></div><div>Noobab withdrew King Zappy <small>(Zapdos)</small>!</div><div class="spacer"></div><div>Noobab sent out Creepy Mofo <small>(Sableye-Mega)</small>!</div><div class="spacer"></div><div>Skarmory, come back!</div><div class="spacer"></div><div>Go! Amoonguss!</div><h2>Turn 219</h2><div class="spacer"></div><div>Noobab withdrew Creepy Mofo <small>(Sableye-Mega)</small>!</div><div class="spacer"></div><div>Noobab sent out King Zappy <small>(Zapdos)</small>!</div><div class="spacer"></div><div>Amoonguss used <strong>Clear Smog</strong>!</div><div><small>The opposing King Zappy lost 10% of its health!</small><br></div><div><small>The opposing King Zappy's stat changes were removed!</small></div><h2>Turn 220</h2><div class="spacer"></div><div>Noobab withdrew King Zappy <small>(Zapdos)</small>!</div><div class="spacer"></div><div>Noobab sent out Chan C Da Fan C <small>(Chansey)</small>!</div><div class="spacer"></div><div>Amoonguss, come back!</div><div class="spacer"></div><div>Go! Quagsire!</div><h2>Turn 221</h2><div class="spacer"></div><div>Noobab withdrew Chan C Da Fan C <small>(Chansey)</small>!</div><div class="spacer"></div><div>Noobab sent out King Zappy <small>(Zapdos)</small>!</div><div class="spacer"></div><div>Quagsire used <strong>Scald</strong>!</div><div><small>The opposing King Zappy lost 13% of its health!</small><br></div><h2>Turn 222</h2><div class="spacer"></div><div>Noobab withdrew King Zappy <small>(Zapdos)</small>!</div><div class="spacer"></div><div>Noobab sent out Chan C Da Fan C <small>(Chansey)</small>!</div><div class="spacer"></div><div>Quagsire, come back!</div><div class="spacer"></div><div>Go! Skarmory!</div><h2>Turn 223</h2><div class="spacer"></div><div>Noobab withdrew Chan C Da Fan C <small>(Chansey)</small>!</div><div class="spacer"></div><div>Noobab sent out Creepy Mofo <small>(Sableye-Mega)</small>!</div><div class="spacer"></div><div>Skarmory used <strong>Roost</strong>!</div><div><small>Skarmory restored its HP.</small></div><h2>Turn 224</h2><div class="spacer"></div><div>Noobab withdrew Creepy Mofo <small>(Sableye-Mega)</small>!</div><div class="spacer"></div><div>Noobab sent out King Zappy <small>(Zapdos)</small>!</div><div class="spacer"></div><div>Skarmory used <strong>Stealth Rock</strong>!</div><div><small>Pointed stones float in the air around the opposing team!</small></div><h2>Turn 225</h2><div class="spacer"></div><div>Noobab withdrew King Zappy <small>(Zapdos)</small>!</div><div class="spacer"></div><div>Noobab sent out Bad Ass the 3rd <small>(Skarmory)</small>!</div><div><small>Pointed stones dug into the opposing Bad Ass the 3rd!</small></div><div class="spacer"></div><div>Skarmory, come back!</div><div class="spacer"></div><div>Go! Quagsire!</div><h2>Turn 226</h2><div class="spacer"></div><div>The opposing Bad Ass the 3rd used <strong>Roost</strong>!</div><div><small>The opposing Bad Ass the 3rd restored its HP.</small></div><div class="spacer"></div><div>Quagsire used <strong>Scald</strong>!</div><div><small>The opposing Bad Ass the 3rd lost 26% of its health!</small><br></div><h2>Turn 227</h2><div class="spacer"></div><div>The opposing Bad Ass the 3rd used <strong>Defog</strong>!</div><div><small>Quagsire's evasiveness fell! </small></div><div><small>The pointed stones disappeared from around the opposing team!</small></div><div class="spacer"></div><div>Quagsire used <strong>Scald</strong>!</div><div><small>The opposing Bad Ass the 3rd lost 25% of its health!</small><br></div><div><small>The opposing Bad Ass the 3rd was burned!</small></div><div class="spacer"></div><div><small>The opposing Bad Ass the 3rd was hurt by its burn!</small></div><h2>Turn 228</h2><div class="spacer"></div><div>Noobab withdrew Bad Ass the 3rd <small>(Skarmory)</small>!</div><div class="spacer"></div><div>Noobab sent out I'm Sexy AF <small>(Clefable)</small>!</div><div class="spacer"></div><div>Quagsire used <strong>Earthquake</strong>!</div><div><small>The opposing I'm Sexy AF lost 34% of its health!</small><br></div><div class="spacer"></div><div><small>The opposing I'm Sexy AF restored a little HP using its Leftovers!</small></div><h2>Turn 229</h2><div class="chat chatmessage-noobab"><strong style="color:hsl(187,78%,40%);"><small>★</small><span class="username" data-name="Noobab">Noobab</span>:</strong> <em>thats bad</em></div><div class="chat chatmessage-noobab"><strong style="color:hsl(187,78%,40%);"><small>★</small><span class="username" data-name="Noobab">Noobab</span>:</strong> <em>not really</em></div><div class="chat chatmessage-noobab"><strong style="color:hsl(187,78%,40%);"><small>★</small><span class="username" data-name="Noobab">Noobab</span>:</strong> <em>lemme set up</em></div><div class="spacer"></div><div>Quagsire, come back!</div><div class="spacer"></div><div>Go! Skarmory!</div><div class="spacer"></div><div>The opposing I'm Sexy AF used <strong>Heal Bell</strong>!</div><div><small>A bell chimed!</small></div><div><small>The opposing Bad Ass the 3rd healed its burn!</small></div><div><small>The opposing King Zappy woke up!</small></div><div class="spacer"></div><div><small>The opposing I'm Sexy AF restored a little HP using its Leftovers!</small></div><h2>Turn 230</h2><div class="spacer"></div><div>Noobab withdrew I'm Sexy AF <small>(Clefable)</small>!</div><div class="spacer"></div><div>Noobab sent out Bad Ass the 3rd <small>(Skarmory)</small>!</div><div class="spacer"></div><div>Skarmory used <strong>Stealth Rock</strong>!</div><div><small>Pointed stones float in the air around the opposing team!</small></div><h2>Turn 231</h2><div class="chat chatmessage-noobab"><strong style="color:hsl(187,78%,40%);"><small>★</small><span class="username" data-name="Noobab">Noobab</span>:</strong> <em>where was i</em></div><div class="spacer"></div><div>Skarmory, come back!</div><div class="spacer"></div><div>Go! Quagsire!</div><div class="spacer"></div><div>The opposing Bad Ass the 3rd used <strong>Roost</strong>!</div><div><small>The opposing Bad Ass the 3rd restored its HP.</small></div><h2>Turn 232</h2><div class="spacer"></div><div>The opposing Bad Ass the 3rd used <strong>Defog</strong>!</div><div><small>Quagsire's evasiveness fell! </small></div><div><small>The pointed stones disappeared from around the opposing team!</small></div><div class="spacer"></div><div>Quagsire used <strong>Scald</strong>!</div><div><small>The opposing Bad Ass the 3rd lost 27% of its health!</small><br></div><h2>Turn 233</h2><div class="spacer"></div><div>Noobab withdrew Bad Ass the 3rd <small>(Skarmory)</small>!</div><div class="spacer"></div><div>Noobab sent out King Zappy <small>(Zapdos)</small>!</div><div class="spacer"></div><div>Quagsire used <strong>Scald</strong>!</div><div><small>The opposing King Zappy lost 15% of its health!</small><br></div><h2>Turn 234</h2><div class="spacer"></div><div>Quagsire, come back!</div><div class="spacer"></div><div>Go! Amoonguss!</div><div class="spacer"></div><div>The opposing King Zappy used <strong>Volt Switch</strong>!</div><div><small>It's not very effective... </small><small>Amoonguss lost 8% of its health!</small><br></div><div class="spacer"></div><div>The opposing King Zappy went back to Noobab!</div><div class="spacer"></div><div>Noobab sent out Bad Ass the 3rd <small>(Skarmory)</small>!</div><h2>Turn 235</h2><div class="spacer"></div><div>Noobab withdrew Bad Ass the 3rd <small>(Skarmory)</small>!</div><div class="spacer"></div><div>Noobab sent out King Zappy <small>(Zapdos)</small>!</div><div class="spacer"></div><div>Amoonguss, come back!</div><div class="spacer"></div><div>Go! Skarmory!</div><h2>Turn 236</h2><div class="spacer"></div><div>Noobab withdrew King Zappy <small>(Zapdos)</small>!</div><div class="spacer"></div><div>Noobab sent out Creepy Mofo <small>(Sableye-Mega)</small>!</div><div class="spacer"></div><div>Skarmory, come back!</div><div class="spacer"></div><div>Go! Amoonguss!</div><h2>Turn 237</h2><div class="spacer"></div><div>Amoonguss, come back!</div><div class="spacer"></div><div>Go! Skarmory!</div><div class="spacer"></div><div>Noobab withdrew Creepy Mofo <small>(Sableye-Mega)</small>!</div><div class="spacer"></div><div>Noobab sent out King Zappy <small>(Zapdos)</small>!</div><h2>Turn 238</h2><div class="spacer"></div><div>Noobab withdrew King Zappy <small>(Zapdos)</small>!</div><div class="spacer"></div><div>Noobab sent out Creepy Mofo <small>(Sableye-Mega)</small>!</div><div class="spacer"></div><div>Skarmory, come back!</div><div class="spacer"></div><div>Go! Amoonguss!</div><h2>Turn 239</h2><div class="spacer"></div><div>Amoonguss, come back!</div><div class="spacer"></div><div>Go! Skarmory!</div><div class="spacer"></div><div>Noobab withdrew Creepy Mofo <small>(Sableye-Mega)</small>!</div><div class="spacer"></div><div>Noobab sent out King Zappy <small>(Zapdos)</small>!</div><h2>Turn 240</h2><div class="spacer"></div><div>Noobab withdrew King Zappy <small>(Zapdos)</small>!</div><div class="spacer"></div><div>Noobab sent out Creepy Mofo <small>(Sableye-Mega)</small>!</div><div class="spacer"></div><div>Skarmory, come back!</div><div class="spacer"></div><div>Go! Amoonguss!</div><h2>Turn 241</h2><div class="chat"><small>Riptide974 joined.</small></div><div class="spacer"></div><div>Amoonguss, come back!</div><div class="spacer"></div><div>Go! Skarmory!</div><div class="spacer"></div><div>Noobab withdrew Creepy Mofo <small>(Sableye-Mega)</small>!</div><div class="spacer"></div><div>Noobab sent out King Zappy <small>(Zapdos)</small>!</div><h2>Turn 242</h2><div class="chat"><small>Shitislitten97 joined.</small></div><div class="chat"><small>Ransei joined.</small></div><div class="chat"><small>Ransei left.</small></div><div class="spacer"></div><div>Noobab withdrew King Zappy <small>(Zapdos)</small>!</div><div class="spacer"></div><div>Noobab sent out Creepy Mofo <small>(Sableye-Mega)</small>!</div><div class="spacer"></div><div>Skarmory, come back!</div><div class="spacer"></div><div>Go! Amoonguss!</div><h2>Turn 243</h2><div class="spacer"></div><div>Noobab withdrew Creepy Mofo <small>(Sableye-Mega)</small>!</div><div class="spacer"></div><div>Noobab sent out Bad Ass the 3rd <small>(Skarmory)</small>!</div><div class="spacer"></div><div>Amoonguss used <strong>Clear Smog</strong>!</div><div><small>It doesn't affect the opposing Bad Ass the 3rd... </small></div><h2>Turn 244</h2><div class="spacer"></div><div>Noobab withdrew Bad Ass the 3rd <small>(Skarmory)</small>!</div><div class="spacer"></div><div>Noobab sent out King Zappy <small>(Zapdos)</small>!</div><div class="spacer"></div><div>Amoonguss, come back!</div><div class="spacer"></div><div>Go! Sableye <small>(Sableye-Mega)</small>!</div><h2>Turn 245</h2><div class="chat"><small>usernameorname joined.</small></div><div class="chat"><small>Shitislitten97 left.</small></div><div class="spacer"></div><div>Noobab withdrew King Zappy <small>(Zapdos)</small>!</div><div class="spacer"></div><div>Noobab sent out Creepy Mofo <small>(Sableye-Mega)</small>!</div><div class="spacer"></div><div>Sableye used <strong>Knock Off</strong>!</div><div><small>The opposing Creepy Mofo lost 18% of its health!</small><br></div><h2>Turn 246</h2><div class="chat chatmessage-usernameorname"><strong style="color:hsl(125,67.21722688888889%,45.782773111111105%);"><small> </small><span class="username" data-name="usernameorname">usernameorname</span>:</strong> <em>._.</em></div><div class="chat chatmessage-usernameorname"><strong style="color:hsl(125,67.21722688888889%,45.782773111111105%);"><small> </small><span class="username" data-name="usernameorname">usernameorname</span>:</strong> <em>wow</em></div><div class="chat"><small>Cracticus♬ joined.</small></div><div class="spacer"></div><div>Noobab withdrew Creepy Mofo <small>(Sableye-Mega)</small>!</div><div class="spacer"></div><div>Noobab sent out King Zappy <small>(Zapdos)</small>!</div><div class="spacer"></div><div>Sableye, come back!</div><div class="spacer"></div><div>Go! Skarmory!</div><h2>Turn 247</h2><div class="chat chatmessage-cracticus"><strong style="color:hsl(211,69%,48%);"><small> </small><span class="username" data-name="Cracticus♬">Cracticus♬</span>:</strong> <em>stall</em></div><div class="spacer"></div><div>Noobab withdrew King Zappy <small>(Zapdos)</small>!</div><div class="spacer"></div><div>Noobab sent out Bad Ass the 3rd <small>(Skarmory)</small>!</div><div class="spacer"></div><div>Skarmory, come back!</div><div class="spacer"></div><div>Go! Amoonguss!</div><h2>Turn 248</h2><div class="spacer"></div><div>Noobab withdrew Bad Ass the 3rd <small>(Skarmory)</small>!</div><div class="spacer"></div><div>Noobab sent out Creepy Mofo <small>(Sableye-Mega)</small>!</div><div class="spacer"></div><div>Amoonguss, come back!</div><div class="spacer"></div><div>Go! Skarmory!</div><h2>Turn 249</h2><div class="chat chatmessage-cracticus"><strong style="color:hsl(211,69%,48%);"><small> </small><span class="username" data-name="Cracticus♬">Cracticus♬</span>:</strong> <em>are you intentionally doing this</em></div><div class="spacer"></div><div>Skarmory, come back!</div><div class="spacer"></div><div>Go! Sableye <small>(Sableye-Mega)</small>!</div><div class="spacer"></div><div>Noobab withdrew Creepy Mofo <small>(Sableye-Mega)</small>!</div><div class="spacer"></div><div>Noobab sent out Bad Ass the 3rd <small>(Skarmory)</small>!</div><h2>Turn 250</h2><div class="chat chatmessage-noobab"><strong style="color:hsl(187,78%,40%);"><small>★</small><span class="username" data-name="Noobab">Noobab</span>:</strong> <em>no</em></div><div class="chat chatmessage-noobab"><strong style="color:hsl(187,78%,40%);"><small>★</small><span class="username" data-name="Noobab">Noobab</span>:</strong> <em>im trying to not waste my pp</em></div><div class="chat chatmessage-noobab"><strong style="color:hsl(187,78%,40%);"><small>★</small><span class="username" data-name="Noobab">Noobab</span>:</strong> <em>and is he</em></div><div class="chat"><small>ShinyCXY joined.</small></div><div class="spacer"></div><div>Noobab withdrew Bad Ass the 3rd <small>(Skarmory)</small>!</div><div class="spacer"></div><div>Noobab sent out Creepy Mofo <small>(Sableye-Mega)</small>!</div><div class="spacer"></div><div>Sableye, come back!</div><div class="spacer"></div><div>Go! Skarmory!</div><h2>Turn 251</h2><div class="spacer"></div><div>Noobab withdrew Creepy Mofo <small>(Sableye-Mega)</small>!</div><div class="spacer"></div><div>Noobab sent out Bad Ass the 3rd <small>(Skarmory)</small>!</div><div class="spacer"></div><div>Skarmory used <strong>Stealth Rock</strong>!</div><div><small>Pointed stones float in the air around the opposing team!</small></div><h2>Turn 252</h2><div class="spacer"></div><div>The opposing Bad Ass the 3rd used <strong>Defog</strong>!</div><div><small>Skarmory's evasiveness fell! </small></div><div><small>The pointed stones disappeared from around the opposing team!</small></div><div class="spacer"></div><div>Skarmory used <strong>Stealth Rock</strong>!</div><div><small>Pointed stones float in the air around the opposing team!</small></div><h2>Turn 253</h2><div class="spacer"></div><div>Skarmory used <strong>Spikes</strong>!</div><div><small>Spikes were scattered all around the feet of the opposing team!</small></div><div class="spacer"></div><div>The opposing Bad Ass the 3rd used <strong>Defog</strong>!</div><div><small>Skarmory's evasiveness fell! </small></div><div><small>The spikes disappeared from around the opposing team's feet!</small></div><div><small>The pointed stones disappeared from around the opposing team!</small></div><h2>Turn 254</h2><div class="spacer"></div><div>Skarmory, come back!</div><div class="spacer"></div><div>Go! Sableye <small>(Sableye-Mega)</small>!</div><div class="spacer"></div><div>Noobab withdrew Bad Ass the 3rd <small>(Skarmory)</small>!</div><div class="spacer"></div><div>Noobab sent out Creepy Mofo <small>(Sableye-Mega)</small>!</div><h2>Turn 255</h2><div class="chat chatmessage-shinycxy"><strong style="color:hsl(279,63.78579559999999%,54.78579559999999%);"><small> </small><span class="username" data-name="ShinyCXY">ShinyCXY</span>:</strong> <em>wtf</em></div><div class="chat chatmessage-usernameorname"><strong style="color:hsl(125,67.21722688888889%,45.782773111111105%);"><small> </small><span class="username" data-name="usernameorname">usernameorname</span>:</strong> <em>switch stall</em></div><div class="spacer"></div><div>Noobab withdrew Creepy Mofo <small>(Sableye-Mega)</small>!</div><div class="spacer"></div><div>Noobab sent out King Zappy <small>(Zapdos)</small>!</div><div class="spacer"></div><div>Sableye used <strong>Toxic</strong>!</div><div><small>The opposing King Zappy was badly poisoned!</small></div><div class="spacer"></div><div><small>The opposing King Zappy was hurt by poison!</small></div><h2>Turn 256</h2><div class="spacer"></div><div>Noobab withdrew King Zappy <small>(Zapdos)</small>!</div><div class="spacer"></div><div>Noobab sent out Creepy Mofo <small>(Sableye-Mega)</small>!</div><div class="spacer"></div><div>Sableye, come back!</div><div class="spacer"></div><div>Go! Amoonguss!</div><h2>Turn 257</h2><div class="spacer"></div><div>Amoonguss, come back!</div><div class="spacer"></div><div>Go! Skarmory!</div><div class="spacer"></div><div>Noobab withdrew Creepy Mofo <small>(Sableye-Mega)</small>!</div><div class="spacer"></div><div>Noobab sent out Chan C Da Fan C <small>(Chansey)</small>!</div><h2>Turn 258</h2><div class="chat chatmessage-usernameorname"><strong style="color:hsl(125,67.21722688888889%,45.782773111111105%);">•</strong> <em><small> </small><span class="username" data-name="usernameorname">usernameorname</span> <i>used yawn</i></em></div><div class="spacer"></div><div>Skarmory, come back!</div><div class="spacer"></div><div>Go! Sableye <small>(Sableye-Mega)</small>!</div><div class="spacer"></div><div>Noobab withdrew Chan C Da Fan C <small>(Chansey)</small>!</div><div class="spacer"></div><div>Noobab sent out Creepy Mofo <small>(Sableye-Mega)</small>!</div><h2>Turn 259</h2><div class="spacer"></div><div>Noobab withdrew Creepy Mofo <small>(Sableye-Mega)</small>!</div><div class="spacer"></div><div>Noobab sent out King Zappy <small>(Zapdos)</small>!</div><div class="spacer"></div><div>Sableye, come back!</div><div class="spacer"></div><div>Go! Skarmory!</div><div class="spacer"></div><div><small>The opposing King Zappy was hurt by poison!</small></div><h2>Turn 260</h2><div class="chat chatmessage-cracticus"><strong style="color:hsl(211,69%,48%);"><small> </small><span class="username" data-name="Cracticus♬">Cracticus♬</span>:</strong> <em>what ranking is this</em></div><div class="spacer"></div><div>Noobab withdrew King Zappy <small>(Zapdos)</small>!</div><div class="spacer"></div><div>Noobab sent out Chan C Da Fan C <small>(Chansey)</small>!</div><div class="spacer"></div><div>Skarmory, come back!</div><div class="spacer"></div><div>Go! Amoonguss!</div><h2>Turn 261</h2><div class="chat chatmessage-noobab"><strong style="color:hsl(187,78%,40%);"><small>★</small><span class="username" data-name="Noobab">Noobab</span>:</strong> <em>mid 1700</em></div><div class="chat chatmessage-noobab"><strong style="color:hsl(187,78%,40%);"><small>★</small><span class="username" data-name="Noobab">Noobab</span>:</strong> <em>i think</em></div><div class="chat chatmessage-cracticus"><strong style="color:hsl(211,69%,48%);"><small> </small><span class="username" data-name="Cracticus♬">Cracticus♬</span>:</strong> <em>im terrified</em></div><div class="chat chatmessage-usernameorname"><strong style="color:hsl(125,67.21722688888889%,45.782773111111105%);"><small> </small><span class="username" data-name="usernameorname">usernameorname</span>:</strong> <em>lol</em></div><div class="chat chatmessage-cracticus"><strong style="color:hsl(211,69%,48%);"><small> </small><span class="username" data-name="Cracticus♬">Cracticus♬</span>:</strong> <em>is this what happens in ou</em></div><div class="chat"><small>The Squash joined.</small></div><div class="chat"><small>JsKingBoo joined.</small></div><div class="spacer"></div><div>Amoonguss, come back!</div><div class="spacer"></div><div>Go! Skarmory!</div><div class="spacer"></div><div>The opposing Chan C Da Fan C used <strong>Wish</strong>!</div><h2>Turn 262</h2><div class="chat chatmessage-noobab"><strong style="color:hsl(187,78%,40%);"><small>★</small><span class="username" data-name="Noobab">Noobab</span>:</strong> <em>no shit sherlock</em></div><div class="chat"><small>Riptide974 left.</small></div><div class="spacer"></div><div>Noobab withdrew Chan C Da Fan C <small>(Chansey)</small>!</div><div class="spacer"></div><div>Noobab sent out Bad Ass the 3rd <small>(Skarmory)</small>!</div><div class="spacer"></div><div>Skarmory used <strong>Stealth Rock</strong>!</div><div><small>Pointed stones float in the air around the opposing team!</small></div><div class="spacer"></div><div><small>Chan C Da Fan C's wish came true!</small></div><h2>Turn 263</h2><div class="spacer"></div><div>Skarmory used <strong>Stealth Rock</strong>!</div><div><small>But it failed!</small></div><div class="spacer"></div><div>The opposing Bad Ass the 3rd used <strong>Defog</strong>!</div><div><small>Skarmory's evasiveness fell! </small></div><div><small>The pointed stones disappeared from around the opposing team!</small></div><h2>Turn 264</h2><div class="chat chatmessage-jskingboo mine"><strong style="color:hsl(182,53%,37%);"><small> </small><span class="username" data-name="JsKingBoo">JsKingBoo</span>:</strong> <em>hey cract</em></div><div class="chat chatmessage-usernameorname"><strong style="color:hsl(125,67.21722688888889%,45.782773111111105%);"><small> </small><span class="username" data-name="usernameorname">usernameorname</span>:</strong> <em>i am low ladder :D</em></div><div class="spacer"></div><div>Skarmory, come back!</div><div class="spacer"></div><div>Go! Sableye <small>(Sableye-Mega)</small>!</div><div class="spacer"></div><div>The opposing Bad Ass the 3rd used <strong>Whirlwind</strong>!</div><div><small>[Sableye's Magic Bounce!]</small></div><div>Sableye bounced the Whirlwind back!</div><div class="spacer"></div><div>King Zappy <small>(Zapdos)</small> was dragged out!</div><div class="spacer"></div><div><small>The opposing King Zappy was hurt by poison!</small></div><h2>Turn 265</h2><div class="chat chatmessage-jskingboo mine"><strong style="color:hsl(182,53%,37%);"><small> </small><span class="username" data-name="JsKingBoo">JsKingBoo</span>:</strong> <em>welcome to the wonderful world of stall v stall</em></div><div class="chat chatmessage-usernameorname"><strong style="color:hsl(125,67.21722688888889%,45.782773111111105%);"><small> </small><span class="username" data-name="usernameorname">usernameorname</span>:</strong> <em>low ladder = no this</em></div><div class="spacer"></div><div>The opposing King Zappy used <strong>Rest</strong>!</div><div><small>The opposing King Zappy fell asleep!</small></div><div><small>The opposing King Zappy slept and became healthy!</small></div><div class="spacer"></div><div>Sableye used <strong>Knock Off</strong>!</div><div><small>The opposing King Zappy lost 18% of its health!</small><br></div><h2>Turn 266</h2><div class="chat chatmessage-cracticus"><strong style="color:hsl(211,69%,48%);"><small> </small><span class="username" data-name="Cracticus♬">Cracticus♬</span>:</strong> <em>i dont think i like ou :(</em></div><div class="chat"><small>venusaurusrex joined.</small></div><div class="spacer"></div><div>The opposing King Zappy is fast asleep.</div><div class="spacer"></div><div>Sableye used <strong>Knock Off</strong>!</div><div><small>A critical hit! </small><small>The opposing King Zappy lost 33% of its health!</small><br></div><h2>Turn 267</h2><div class="chat chatmessage-tabl"><strong style="color:hsl(106,75.5088208%,42.4911792%);"><small> </small><span class="username" data-name="tabl">tabl</span>:</strong> <em>I just won an ou battle :D</em></div><div class="spacer"></div><div>The opposing King Zappy is fast asleep.</div><div class="spacer"></div><div>Sableye used <strong>Knock Off</strong>!</div><div><small>The opposing King Zappy lost 21% of its health!</small><br></div><h2>Turn 268</h2><div class="chat chatmessage-jskingboo mine"><strong style="color:hsl(182,53%,37%);"><small> </small><span class="username" data-name="JsKingBoo">JsKingBoo</span>:</strong> <em>honestly I think they'd be better off if they played a random bat to determine the winner of this match</em></div><div class="spacer"></div><div>Sableye, come back!</div><div class="spacer"></div><div>Go! Quagsire!</div><div><small>The opposing King Zappy woke up!</small></div><div class="spacer"></div><div>The opposing King Zappy used <strong>Rest</strong>!</div><div><small>The opposing King Zappy fell asleep!</small></div><div><small>The opposing King Zappy slept and became healthy!</small></div><h2>Turn 269</h2><div class="chat chatmessage-tabl"><strong style="color:hsl(106,75.5088208%,42.4911792%);"><small> </small><span class="username" data-name="tabl">tabl</span>:</strong> <em>I think &gt;rand bats</em></div><div class="spacer"></div><div>Quagsire, come back!</div><div class="spacer"></div><div>Go! Amoonguss!</div><div class="spacer"></div><div>The opposing King Zappy is fast asleep.</div><h2>Turn 270</h2><div class="chat chatmessage-jskingboo mine"><strong style="color:hsl(182,53%,37%);"><small> </small><span class="username" data-name="JsKingBoo">JsKingBoo</span>:</strong> <em>I'm rooting for Noobab because his zapdos is named King Zappy</em></div><div class="chat chatmessage-zigzagoon14"><strong style="color:hsl(233,44.103629600000005%,53.103629600000005%);"><small> </small><span class="username" data-name="Zigzagoon 14">Zigzagoon 14</span>:</strong> <em>this is the most boring match of all time</em></div><div class="spacer"></div><div>Noobab withdrew King Zappy <small>(Zapdos)</small>!</div><div class="spacer"></div><div>Noobab sent out Chan C Da Fan C <small>(Chansey)</small>!</div><div class="spacer"></div><div>Amoonguss used <strong>Energy Ball</strong>!</div><div><small>The opposing Chan C Da Fan C lost 8% of its health!</small><br></div><h2>Turn 271</h2><div class="chat chatmessage-tabl"><strong style="color:hsl(106,75.5088208%,42.4911792%);"><small> </small><span class="username" data-name="tabl">tabl</span>:</strong> <em>rand bats requires 0 skill</em></div><div class="chat chatmessage-tabl"><strong style="color:hsl(106,75.5088208%,42.4911792%);"><small> </small><span class="username" data-name="tabl">tabl</span>:</strong> <em>it is all luck</em></div><div class="chat chatmessage-noobab"><strong style="color:hsl(187,78%,40%);"><small>★</small><span class="username" data-name="Noobab">Noobab</span>:</strong> <em>thank u sir</em></div><div class="spacer"></div><div>Noobab withdrew Chan C Da Fan C <small>(Chansey)</small>!</div><div class="spacer"></div><div>Noobab sent out King Zappy <small>(Zapdos)</small>!</div><div class="spacer"></div><div>Amoonguss, come back!</div><div class="spacer"></div><div>Go! Sableye <small>(Sableye-Mega)</small>!</div><h2>Turn 272</h2><div class="chat chatmessage-cracticus"><strong style="color:hsl(211,69%,48%);"><small> </small><span class="username" data-name="Cracticus♬">Cracticus♬</span>:</strong> <em>skillful luck</em></div><div class="chat chatmessage-jskingboo mine"><strong style="color:hsl(182,53%,37%);"><small> </small><span class="username" data-name="JsKingBoo">JsKingBoo</span>:</strong> <em>king zappy woo!!!</em></div><div class="spacer"></div><div>Noobab withdrew King Zappy <small>(Zapdos)</small>!</div><div class="spacer"></div><div>Noobab sent out Creepy Mofo <small>(Sableye-Mega)</small>!</div><div class="spacer"></div><div>Sableye used <strong>Knock Off</strong>!</div><div><small>The opposing Creepy Mofo lost 19% of its health!</small><br></div><h2>Turn 273</h2><div class="chat chatmessage-usernameorname"><strong style="color:hsl(125,67.21722688888889%,45.782773111111105%);"><small> </small><span class="username" data-name="usernameorname">usernameorname</span>:</strong> <em>random isnt luck ._.</em></div><div class="spacer"></div><div>Noobab withdrew Creepy Mofo <small>(Sableye-Mega)</small>!</div><div class="spacer"></div><div>Noobab sent out King Zappy <small>(Zapdos)</small>!</div><div class="spacer"></div><div>Sableye, come back!</div><div class="spacer"></div><div>Go! Skarmory!</div><h2>Turn 274</h2><div class="spacer"></div><div>Noobab withdrew King Zappy <small>(Zapdos)</small>!</div><div class="spacer"></div><div>Noobab sent out Creepy Mofo <small>(Sableye-Mega)</small>!</div><div class="spacer"></div><div>Skarmory used <strong>Stealth Rock</strong>!</div><div><small>[Opposing Creepy Mofo's Magic Bounce!]</small></div><div>The opposing Creepy Mofo bounced the Stealth Rock back!</div><div><small>Pointed stones float in the air around your team!</small></div><h2>Turn 275</h2><div class="chat chatmessage-usernameorname"><strong style="color:hsl(125,67.21722688888889%,45.782773111111105%);"><small> </small><span class="username" data-name="usernameorname">usernameorname</span>:</strong> <em>random = luck + predict luck</em></div><div class="chat chatmessage-usernameorname"><strong style="color:hsl(125,67.21722688888889%,45.782773111111105%);"><small> </small><span class="username" data-name="usernameorname">usernameorname</span>:</strong> <em>+ skill luck</em></div><div class="chat chatmessage-noobab"><strong style="color:hsl(187,78%,40%);"><small>★</small><span class="username" data-name="Noobab">Noobab</span>:</strong> <em>his skarm has no attacking moves lol</em></div><div class="spacer"></div><div>Skarmory used <strong>Defog</strong>!</div><div><small>[Opposing Creepy Mofo's Magic Bounce!]</small></div><div>The opposing Creepy Mofo bounced the Defog back!</div><div><small>Skarmory's evasiveness fell! </small></div><div><small>The pointed stones disappeared from around your team!</small></div><div class="spacer"></div><div>The opposing Creepy Mofo used <strong>Knock Off</strong>!</div><div><small>Skarmory lost 15% of its health!</small><br></div><h2>Turn 276</h2><div class="spacer"></div><div>Noobab withdrew Creepy Mofo <small>(Sableye-Mega)</small>!</div><div class="spacer"></div><div>Noobab sent out Bad Ass the 3rd <small>(Skarmory)</small>!</div><div class="spacer"></div><div>Skarmory used <strong>Spikes</strong>!</div><div><small>Spikes were scattered all around the feet of the opposing team!</small></div><h2>Turn 277</h2><div class="spacer"></div><div>Noobab withdrew Bad Ass the 3rd <small>(Skarmory)</small>!</div><div class="spacer"></div><div>Noobab sent out Creepy Mofo <small>(Sableye-Mega)</small>!</div><div><small>The opposing Creepy Mofo is hurt by the spikes!</small></div><div class="spacer"></div><div>Skarmory used <strong>Stealth Rock</strong>!</div><div><small>[Opposing Creepy Mofo's Magic Bounce!]</small></div><div>The opposing Creepy Mofo bounced the Stealth Rock back!</div><div><small>Pointed stones float in the air around your team!</small></div><h2>Turn 278</h2><div class="spacer"></div><div>Skarmory used <strong>Defog</strong>!</div><div><small>[Opposing Creepy Mofo's Magic Bounce!]</small></div><div>The opposing Creepy Mofo bounced the Defog back!</div><div><small>Skarmory's evasiveness fell! </small></div><div><small>The pointed stones disappeared from around your team!</small></div><div><small>The spikes disappeared from around the opposing team's feet!</small></div><div class="spacer"></div><div>The opposing Creepy Mofo used <strong>Will-O-Wisp</strong>!</div><div><small>Skarmory was burned!</small></div><div class="spacer"></div><div><small>Skarmory was hurt by its burn!</small></div><h2>Turn 279</h2><div class="spacer"></div><div>Skarmory, come back!</div><div class="spacer"></div><div>Go! Sableye <small>(Sableye-Mega)</small>!</div><div class="spacer"></div><div>The opposing Creepy Mofo used <strong>Recover</strong>!</div><div><small>The opposing Creepy Mofo restored its HP.</small></div><h2>Turn 280</h2><div class="spacer"></div><div>Noobab withdrew Creepy Mofo <small>(Sableye-Mega)</small>!</div><div class="spacer"></div><div>Noobab sent out King Zappy <small>(Zapdos)</small>!</div><div class="spacer"></div><div>Sableye, come back!</div><div class="spacer"></div><div>Go! Chansey!</div><h2>Turn 281</h2><div class="spacer"></div><div>Noobab withdrew King Zappy <small>(Zapdos)</small>!</div><div class="spacer"></div><div>Noobab sent out Chan C Da Fan C <small>(Chansey)</small>!</div><div class="spacer"></div><div>Chansey used <strong>Heal Bell</strong>!</div><div><small>A bell chimed!</small></div><div><small>Skarmory's burn was healed.</small></div><h2>Turn 282</h2><div class="spacer"></div><div>Chansey, come back!</div><div class="spacer"></div><div>Go! Sableye <small>(Sableye-Mega)</small>!</div><div class="spacer"></div><div>Noobab withdrew Chan C Da Fan C <small>(Chansey)</small>!</div><div class="spacer"></div><div>Noobab sent out King Zappy <small>(Zapdos)</small>!</div><h2>Turn 283</h2><div class="spacer"></div><div>The opposing King Zappy is fast asleep.</div><div class="spacer"></div><div>Sableye used <strong>Knock Off</strong>!</div><div><small>The opposing King Zappy lost 19% of its health!</small><br></div><h2>Turn 284</h2><div class="spacer"></div><div>Noobab withdrew King Zappy <small>(Zapdos)</small>!</div><div class="spacer"></div><div>Noobab sent out Creepy Mofo <small>(Sableye-Mega)</small>!</div><div class="spacer"></div><div>Sableye, come back!</div><div class="spacer"></div><div>Go! Quagsire!</div><h2>Turn 285</h2><div class="spacer"></div><div>Noobab withdrew Creepy Mofo <small>(Sableye-Mega)</small>!</div><div class="spacer"></div><div>Noobab sent out King Zappy <small>(Zapdos)</small>!</div><div class="spacer"></div><div>Quagsire used <strong>Scald</strong>!</div><div><small>The opposing King Zappy lost 14% of its health!</small><br></div><h2>Turn 286</h2><div class="chat chatmessage-tabl"><strong style="color:hsl(106,75.5088208%,42.4911792%);"><small> </small><span class="username" data-name="tabl">tabl</span>:</strong> <em>what kind of music do you use for stall games?</em></div><div class="spacer"></div><div>Quagsire, come back!</div><div class="spacer"></div><div>Go! Amoonguss!</div><div><small>The opposing King Zappy woke up!</small></div><div class="spacer"></div><div>The opposing King Zappy used <strong>Heat Wave</strong>!</div><div><small>It's super effective! </small><small>Amoonguss lost 32% of its health!</small><br></div><h2>Turn 287</h2><div class="chat chatmessage-noobab"><strong style="color:hsl(187,78%,40%);"><small>★</small><span class="username" data-name="Noobab">Noobab</span>:</strong> <em>hip hop obviously man</em></div><div class="spacer"></div><div>Noobab withdrew King Zappy <small>(Zapdos)</small>!</div><div class="spacer"></div><div>Noobab sent out Chan C Da Fan C <small>(Chansey)</small>!</div><div class="spacer"></div><div>Amoonguss, come back!</div><div class="spacer"></div><div>Go! Chansey!</div><h2>Turn 288</h2><div class="spacer"></div><div>Noobab withdrew Chan C Da Fan C <small>(Chansey)</small>!</div><div class="spacer"></div><div>Noobab sent out Creepy Mofo <small>(Sableye-Mega)</small>!</div><div class="spacer"></div><div>Chansey used <strong>Toxic</strong>!</div><div><small>[Opposing Creepy Mofo's Magic Bounce!]</small></div><div>The opposing Creepy Mofo bounced the Toxic back!</div><div><small>Chansey was badly poisoned!</small></div><div class="spacer"></div><div><small>Chansey was hurt by poison!</small></div><h2>Turn 289</h2><div class="spacer"></div><div><small>(Chansey's Natural Cure activated!)</small></div><div class="spacer"></div><div>Chansey, come back!</div><div class="spacer"></div><div>Go! Sableye <small>(Sableye-Mega)</small>!</div><div class="spacer"></div><div>Noobab withdrew Creepy Mofo <small>(Sableye-Mega)</small>!</div><div class="spacer"></div><div>Noobab sent out King Zappy <small>(Zapdos)</small>!</div><h2>Turn 290</h2><div class="spacer"></div><div>Noobab withdrew King Zappy <small>(Zapdos)</small>!</div><div class="spacer"></div><div>Noobab sent out Creepy Mofo <small>(Sableye-Mega)</small>!</div><div class="spacer"></div><div>Sableye, come back!</div><div class="spacer"></div><div>Go! Amoonguss!</div><h2>Turn 291</h2><div class="chat"><small>aravar27 joined.</small></div><div class="chat chatmessage-noobab"><strong style="color:hsl(187,78%,40%);"><small>★</small><span class="username" data-name="Noobab">Noobab</span>:</strong> <em>u know them DOOF DOOF music</em></div><div class="spacer"></div><div>Amoonguss, come back!</div><div class="spacer"></div><div>Go! Sableye <small>(Sableye-Mega)</small>!</div><div class="spacer"></div><div>Noobab withdrew Creepy Mofo <small>(Sableye-Mega)</small>!</div><div class="spacer"></div><div>Noobab sent out King Zappy <small>(Zapdos)</small>!</div><h2>Turn 292</h2><div class="spacer"></div><div>Noobab withdrew King Zappy <small>(Zapdos)</small>!</div><div class="spacer"></div><div>Noobab sent out Creepy Mofo <small>(Sableye-Mega)</small>!</div><div class="spacer"></div><div>Sableye used <strong>Knock Off</strong>!</div><div><small>The opposing Creepy Mofo lost 19% of its health!</small><br></div><h2>Turn 293</h2><div class="chat chatmessage-usernameorname"><strong style="color:hsl(125,67.21722688888889%,45.782773111111105%);"><small> </small><span class="username" data-name="usernameorname">usernameorname</span>:</strong> <em>opera + stall = hell?</em></div><div class="chat chatmessage-tabl"><strong style="color:hsl(106,75.5088208%,42.4911792%);"><small> </small><span class="username" data-name="tabl">tabl</span>:</strong> <em>I prefer opera, yea</em></div><div class="chat message-error">Noobab has 120 seconds left.</div><div class="chat chatmessage-usernameorname"><strong style="color:hsl(125,67.21722688888889%,45.782773111111105%);"><small> </small><span class="username" data-name="usernameorname">usernameorname</span>:</strong> <em>2 hours opera + stall ._.</em></div><div class="spacer"></div><div>Noobab withdrew Creepy Mofo <small>(Sableye-Mega)</small>!</div><div class="spacer"></div><div>Noobab sent out King Zappy <small>(Zapdos)</small>!</div><div class="spacer"></div><div>Sableye used <strong>Knock Off</strong>!</div><div><small>The opposing King Zappy lost 19% of its health!</small><br></div><h2>Turn 294</h2><div class="chat chatmessage-noobab"><strong style="color:hsl(187,78%,40%);"><small>★</small><span class="username" data-name="Noobab">Noobab</span>:</strong> <em>really?</em></div><div class="spacer"></div><div>Noobab withdrew King Zappy <small>(Zapdos)</small>!</div><div class="spacer"></div><div>Noobab sent out Creepy Mofo <small>(Sableye-Mega)</small>!</div><div class="spacer"></div><div>Sableye used <strong>Knock Off</strong>!</div><div><small>The opposing Creepy Mofo lost 19% of its health!</small><br></div><h2>Turn 295</h2><div class="spacer"></div><div>Noobab withdrew Creepy Mofo <small>(Sableye-Mega)</small>!</div><div class="spacer"></div><div>Noobab sent out King Zappy <small>(Zapdos)</small>!</div><div class="spacer"></div><div>Sableye used <strong>Knock Off</strong>!</div><div><small>The opposing King Zappy lost 21% of its health!</small><br></div><h2>Turn 296</h2><div class="spacer"></div><div>Sableye, come back!</div><div class="spacer"></div><div>Go! Skarmory!</div><div class="spacer"></div><div>The opposing King Zappy used <strong>Rest</strong>!</div><div><small>The opposing King Zappy fell asleep!</small></div><div><small>The opposing King Zappy slept and became healthy!</small></div><h2>Turn 297</h2><div class="chat chatmessage-tabl"><strong style="color:hsl(106,75.5088208%,42.4911792%);"><small> </small><span class="username" data-name="tabl">tabl</span>:</strong> <em>it <b>intensifies</b> the battle</em></div><div class="chat chatmessage-noobab"><strong style="color:hsl(187,78%,40%);"><small>★</small><span class="username" data-name="Noobab">Noobab</span>:</strong> <em>ok</em></div><div class="spacer"></div><div>Noobab withdrew King Zappy <small>(Zapdos)</small>!</div><div class="spacer"></div><div>Noobab sent out Creepy Mofo <small>(Sableye-Mega)</small>!</div><div class="spacer"></div><div>Skarmory used <strong>Roost</strong>!</div><div><small>Skarmory restored its HP.</small></div><h2>Turn 298</h2><div class="spacer"></div><div>Skarmory, come back!</div><div class="spacer"></div><div>Go! Alomomola!</div><div class="spacer"></div><div>Noobab withdrew Creepy Mofo <small>(Sableye-Mega)</small>!</div><div class="spacer"></div><div>Noobab sent out Bad Ass the 3rd <small>(Skarmory)</small>!</div><h2>Turn 299</h2><div class="spacer"></div><div>Noobab withdrew Bad Ass the 3rd <small>(Skarmory)</small>!</div><div class="spacer"></div><div>Noobab sent out King Zappy <small>(Zapdos)</small>!</div><div class="spacer"></div><div>Alomomola used <strong>Scald</strong>!</div><div><small>The opposing King Zappy lost 10% of its health!</small><br></div><h2>Turn 300</h2><div class="spacer"></div><div>The opposing King Zappy is fast asleep.</div><div class="spacer"></div><div>Alomomola used <strong>Scald</strong>!</div><div><small>The opposing King Zappy lost 9% of its health!</small><br></div><h2>Turn 301</h2><div class="chat"><small>ShinyCXY left.</small></div><div class="chat chatmessage-usernameorname"><strong style="color:hsl(125,67.21722688888889%,45.782773111111105%);">•</strong> <em><small> </small><span class="username" data-name="usernameorname">usernameorname</span> <i>used Yawwwwwwwwwwwwwwwwwwwwwwwn</i></em></div><div class="spacer"></div><div>Noobab withdrew King Zappy <small>(Zapdos)</small>!</div><div class="spacer"></div><div>Noobab sent out Chan C Da Fan C <small>(Chansey)</small>!</div><div class="spacer"></div><div>Alomomola, come back!</div><div class="spacer"></div><div>Go! Amoonguss!</div><h2>Turn 302</h2><div class="chat chatmessage-tabl"><strong style="color:hsl(106,75.5088208%,42.4911792%);"><small> </small><span class="username" data-name="tabl">tabl</span>:</strong> <em>yawns are contagious</em></div><div class="spacer"></div><div>Noobab withdrew Chan C Da Fan C <small>(Chansey)</small>!</div><div class="spacer"></div><div>Noobab sent out King Zappy <small>(Zapdos)</small>!</div><div class="spacer"></div><div>Amoonguss used <strong>Clear Smog</strong>!</div><div><small>The opposing King Zappy lost 10% of its health!</small><br></div><div><small>The opposing King Zappy's stat changes were removed!</small></div><h2>Turn 303</h2><div class="chat chatmessage-tabl"><strong style="color:hsl(106,75.5088208%,42.4911792%);"><small> </small><span class="username" data-name="tabl">tabl</span>:</strong> <em>I'm feeling drowsy too</em></div><div class="chat chatmessage-noobab"><strong style="color:hsl(187,78%,40%);"><small>★</small><span class="username" data-name="Noobab">Noobab</span>:</strong> <em>they are</em></div><div class="chat chatmessage-noobab"><strong style="color:hsl(187,78%,40%);"><small>★</small><span class="username" data-name="Noobab">Noobab</span>:</strong> <em>indeed</em></div><div class="spacer"></div><div>Noobab withdrew King Zappy <small>(Zapdos)</small>!</div><div class="spacer"></div><div>Noobab sent out Chan C Da Fan C <small>(Chansey)</small>!</div><div class="spacer"></div><div>Amoonguss used <strong>Energy Ball</strong>!</div><div><small>The opposing Chan C Da Fan C lost 8% of its health!</small><br></div><h2>Turn 304</h2><div class="spacer"></div><div>Noobab withdrew Chan C Da Fan C <small>(Chansey)</small>!</div><div class="spacer"></div><div>Noobab sent out King Zappy <small>(Zapdos)</small>!</div><div class="spacer"></div><div>Amoonguss, come back!</div><div class="spacer"></div><div>Go! Sableye <small>(Sableye-Mega)</small>!</div><h2>Turn 305</h2><div class="spacer"></div><div>Noobab withdrew King Zappy <small>(Zapdos)</small>!</div><div class="spacer"></div><div>Noobab sent out Creepy Mofo <small>(Sableye-Mega)</small>!</div><div class="spacer"></div><div>Sableye used <strong>Knock Off</strong>!</div><div><small>The opposing Creepy Mofo lost 20% of its health!</small><br></div><h2>Turn 306</h2><div class="spacer"></div><div>Sableye, come back!</div><div class="spacer"></div><div>Go! Alomomola!</div><div class="spacer"></div><div>The opposing Creepy Mofo used <strong>Recover</strong>!</div><div><small>The opposing Creepy Mofo restored its HP.</small></div><h2>Turn 307</h2><div class="spacer"></div><div>Alomomola used <strong>Scald</strong>!</div><div><small>The opposing Creepy Mofo lost 11% of its health!</small><br></div><div><small>The opposing Creepy Mofo was burned!</small></div><div class="spacer"></div><div>The opposing Creepy Mofo used <strong>Knock Off</strong>!</div><div><small>Alomomola lost 8% of its health!</small><br></div><div><small>The opposing Creepy Mofo knocked off Alomomola's Leftovers!</small></div><div class="spacer"></div><div><small>The opposing Creepy Mofo was hurt by its burn!</small></div><h2>Turn 308</h2><div class="spacer"></div><div>Noobab withdrew Creepy Mofo <small>(Sableye-Mega)</small>!</div><div class="spacer"></div><div>Noobab sent out King Zappy <small>(Zapdos)</small>!</div><div class="spacer"></div><div>Alomomola used <strong>Scald</strong>!</div><div><small>The opposing King Zappy lost 10% of its health!</small><br></div><h2>Turn 309</h2><div class="spacer"></div><div>Noobab withdrew King Zappy <small>(Zapdos)</small>!</div><div class="spacer"></div><div>Noobab sent out Chan C Da Fan C <small>(Chansey)</small>!</div><div class="spacer"></div><div>Alomomola used <strong>Wish</strong>!</div><h2>Turn 310</h2><div class="chat chatmessage-noobab"><strong style="color:hsl(187,78%,40%);"><small>★</small><span class="username" data-name="Noobab">Noobab</span>:</strong> <em>i bet the last move is protect</em></div><div class="spacer"></div><div>Alomomola, come back!</div><div class="spacer"></div><div>Go! Sableye <small>(Sableye-Mega)</small>!</div><div class="spacer"></div><div>Noobab withdrew Chan C Da Fan C <small>(Chansey)</small>!</div><div class="spacer"></div><div>Noobab sent out King Zappy <small>(Zapdos)</small>!</div><div class="spacer"></div><div><small>Alomomola's wish came true!</small></div><h2>Turn 311</h2><div class="spacer"></div><div>Sableye, come back!</div><div class="spacer"></div><div>Go! Chansey!</div><div class="spacer"></div><div>The opposing King Zappy is fast asleep.</div><h2>Turn 312</h2><div class="spacer"></div><div>Noobab withdrew King Zappy <small>(Zapdos)</small>!</div><div class="spacer"></div><div>Noobab sent out Chan C Da Fan C <small>(Chansey)</small>!</div><div class="spacer"></div><div>Chansey, come back!</div><div class="spacer"></div><div>Go! Amoonguss!</div><h2>Turn 313</h2><div class="chat message-error">OUmodsRfags has 120 seconds left.</div><div class="spacer"></div><div>Noobab withdrew Chan C Da Fan C <small>(Chansey)</small>!</div><div class="spacer"></div><div>Noobab sent out King Zappy <small>(Zapdos)</small>!</div><div class="spacer"></div><div>Amoonguss used <strong>Clear Smog</strong>!</div><div><small>The opposing King Zappy lost 10% of its health!</small><br></div><div><small>The opposing King Zappy's stat changes were removed!</small></div><h2>Turn 314</h2><div class="chat chatmessage-usernameorname"><strong style="color:hsl(125,67.21722688888889%,45.782773111111105%);"><small> </small><span class="username" data-name="usernameorname">usernameorname</span>:</strong> <em>epic battle</em></div><div class="spacer"></div><div>Noobab withdrew King Zappy <small>(Zapdos)</small>!</div><div class="spacer"></div><div>Noobab sent out Chan C Da Fan C <small>(Chansey)</small>!</div><div class="spacer"></div><div>Amoonguss, come back!</div><div class="spacer"></div><div>Go! Chansey!</div><h2>Turn 315</h2><div class="spacer"></div><div>The opposing Chan C Da Fan C used <strong>Wish</strong>!</div><div class="spacer"></div><div>Chansey used <strong>Seismic Toss</strong>!</div><div><small>The opposing Chan C Da Fan C lost 15% of its health!</small><br></div><h2>Turn 316</h2><div class="spacer"></div><div>Noobab withdrew Chan C Da Fan C <small>(Chansey)</small>!</div><div class="spacer"></div><div>Noobab sent out King Zappy <small>(Zapdos)</small>!</div><div class="spacer"></div><div>Chansey used <strong>Seismic Toss</strong>!</div><div><small>The opposing King Zappy lost 26% of its health!</small><br></div><div class="spacer"></div><div><small>Chan C Da Fan C's wish came true!</small></div><h2>Turn 317</h2><div class="spacer"></div><div>Noobab withdrew King Zappy <small>(Zapdos)</small>!</div><div class="spacer"></div><div>Noobab sent out Bad Ass the 3rd <small>(Skarmory)</small>!</div><div class="spacer"></div><div>Chansey, come back!</div><div class="spacer"></div><div>Go! Amoonguss!</div><h2>Turn 318</h2><div class="chat"><small>aravar27 left.</small></div><div class="chat chatmessage-noobab"><strong style="color:hsl(187,78%,40%);"><small>★</small><span class="username" data-name="Noobab">Noobab</span>:</strong> <em>u mean battle of epic proportions?</em></div><div class="spacer"></div><div>Noobab withdrew Bad Ass the 3rd <small>(Skarmory)</small>!</div><div class="spacer"></div><div>Noobab sent out King Zappy <small>(Zapdos)</small>!</div><div class="spacer"></div><div>Amoonguss, come back!</div><div class="spacer"></div><div>Go! Skarmory!</div><h2>Turn 319</h2><div class="spacer"></div><div>Noobab withdrew King Zappy <small>(Zapdos)</small>!</div><div class="spacer"></div><div>Noobab sent out Bad Ass the 3rd <small>(Skarmory)</small>!</div><div class="spacer"></div><div>Skarmory, come back!</div><div class="spacer"></div><div>Go! Chansey!</div><h2>Turn 320</h2><div class="spacer"></div><div>Noobab withdrew Bad Ass the 3rd <small>(Skarmory)</small>!</div><div class="spacer"></div><div>Noobab sent out King Zappy <small>(Zapdos)</small>!</div><div class="spacer"></div><div>Chansey used <strong>Toxic</strong>!</div><div><small>But it failed!</small></div><h2>Turn 321</h2><div class="chat message-error">Noobab has 120 seconds left.</div><div class="spacer"></div><div>Noobab withdrew King Zappy <small>(Zapdos)</small>!</div><div class="spacer"></div><div>Noobab sent out Bad Ass the 3rd <small>(Skarmory)</small>!</div><div class="spacer"></div><div>Chansey, come back!</div><div class="spacer"></div><div>Go! Amoonguss!</div><h2>Turn 322</h2><div class="spacer"></div><div>Noobab withdrew Bad Ass the 3rd <small>(Skarmory)</small>!</div><div class="spacer"></div><div>Noobab sent out King Zappy <small>(Zapdos)</small>!</div><div class="spacer"></div><div>Amoonguss used <strong>Sludge Bomb</strong>!</div><div><small>The opposing King Zappy lost 19% of its health!</small><br></div><h2>Turn 323</h2><div class="spacer"></div><div>Noobab withdrew King Zappy <small>(Zapdos)</small>!</div><div class="spacer"></div><div>Noobab sent out Chan C Da Fan C <small>(Chansey)</small>!</div><div class="spacer"></div><div>Amoonguss used <strong>Energy Ball</strong>!</div><div><small>The opposing Chan C Da Fan C lost 8% of its health!</small><br></div><h2>Turn 324</h2><div class="spacer"></div><div>Amoonguss, come back!</div><div class="spacer"></div><div>Go! Quagsire!</div><div class="spacer"></div><div>The opposing Chan C Da Fan C used <strong>Soft-Boiled</strong>!</div><div><small>The opposing Chan C Da Fan C restored its HP.</small></div><h2>Turn 325</h2><div class="chat"><small>usernameorname left.</small></div><div class="spacer"></div><div>Noobab withdrew Chan C Da Fan C <small>(Chansey)</small>!</div><div class="spacer"></div><div>Noobab sent out King Zappy <small>(Zapdos)</small>!</div><div class="spacer"></div><div>Quagsire used <strong>Earthquake</strong>!</div><div><small>It doesn't affect the opposing King Zappy... </small></div><h2>Turn 326</h2><div class="chat"><div class="ladder"><table><tbody><tr><td colspan="8">User: <strong>oumodsrfags</strong></td></tr><tr><th>Format</th><th><abbr title="Elo rating">Elo</abbr></th><th><abbr title="user's percentage chance of winning a random battle (aka GLIXARE)">GXE</abbr></th><th><abbr title="Glicko-1 rating: rating±deviation">Glicko-1</abbr></th><th>COIL</th><th>W</th><th>L</th><th>Total</th></tr><tr><td>Balanced Hackmons</td><td><strong>1095</strong></td><td>28<small>.8%</small></td><td><em>1326<small> ± 74</small></em></td><td>--</td><td>0</td><td>0</td><td>0</td></tr><tr><td>OU</td><td><strong>1804</strong></td><td>82<small>.9%</small></td><td><em>1797<small> ± 26</small></em></td><td>--</td><td>142</td><td>61</td><td>203</td></tr><tr><td>UU (suspect test)</td><td><strong>1129</strong></td><td>50<small>.8%</small></td><td><em>1506<small> ± 57</small></em></td><td>1367</td><td>18</td><td>17</td><td>35</td></tr></tbody></table></div></div><div class="chat"><div class="ladder"><table><tbody><tr><td colspan="8">User: <strong>noobab</strong></td></tr><tr><th>Format</th><th><abbr title="Elo rating">Elo</abbr></th><th><abbr title="user's percentage chance of winning a random battle (aka GLIXARE)">GXE</abbr></th><th><abbr title="Glicko-1 rating: rating±deviation">Glicko-1</abbr></th><th>COIL</th><th>W</th><th>L</th><th>Total</th></tr><tr><td>OU</td><td><strong>1734</strong></td><td>78<small>.8%</small></td><td><em>1749<small> ± 40</small></em></td><td>--</td><td>156</td><td>97</td><td>253</td></tr><tr><td>Random Battle</td><td><strong>1115</strong></td><td>53<small>.2%</small></td><td><em>1525<small> ± 91</small></em></td><td>--</td><td>5</td><td>4</td><td>9</td></tr><tr><td>VGC 2016</td><td><strong>1313</strong></td><td>55<small>.0%</small></td><td><em>1538<small> ± 43</small></em></td><td>--</td><td>29</td><td>18</td><td>47</td></tr></tbody></table></div></div><div class="chat chatmessage-tabl"><strong style="color:hsl(106,75.5088208%,42.4911792%);"><small> </small><span class="username" data-name="tabl">tabl</span>:</strong> <em>r.i.p username</em></div><div class="chat chatmessage-noobab"><strong style="color:hsl(187,78%,40%);"><small>★</small><span class="username" data-name="Noobab">Noobab</span>:</strong> <em>lol</em></div><div class="spacer"></div><div>Noobab withdrew King Zappy <small>(Zapdos)</small>!</div><div class="spacer"></div><div>Noobab sent out Chan C Da Fan C <small>(Chansey)</small>!</div><div class="spacer"></div><div>Quagsire, come back!</div><div class="spacer"></div><div>Go! Amoonguss!</div><h2>Turn 327</h2><div class="chat chatmessage-jskingboo mine"><strong style="color:hsl(182,53%,37%);"><small> </small><span class="username" data-name="JsKingBoo">JsKingBoo</span>:</strong> <em>keep dugtrio legal 2k16</em></div><div class="chat chatmessage-tabl"><strong style="color:hsl(106,75.5088208%,42.4911792%);"><small> </small><span class="username" data-name="tabl">tabl</span>:</strong> <em>couldn't take it any longer</em></div><div class="spacer"></div><div>Noobab withdrew Chan C Da Fan C <small>(Chansey)</small>!</div><div class="spacer"></div><div>Noobab sent out King Zappy <small>(Zapdos)</small>!</div><div class="spacer"></div><div>Amoonguss, come back!</div><div class="spacer"></div><div>Go! Sableye <small>(Sableye-Mega)</small>!</div><h2>Turn 328</h2><div class="chat chatmessage-noobab"><strong style="color:hsl(187,78%,40%);"><small>★</small><span class="username" data-name="Noobab">Noobab</span>:</strong> <em>indeed</em></div><div class="spacer"></div><div>Sableye, come back!</div><div class="spacer"></div><div>Go! Amoonguss!</div><div><small>The opposing King Zappy woke up!</small></div><div class="spacer"></div><div>The opposing King Zappy used <strong>Heat Wave</strong>!</div><div><small>It's super effective! </small><small>Amoonguss lost 34% of its health!</small><br></div><h2>Turn 329</h2><div class="spacer"></div><div>Noobab withdrew King Zappy <small>(Zapdos)</small>!</div><div class="spacer"></div><div>Noobab sent out Bad Ass the 3rd <small>(Skarmory)</small>!</div><div class="spacer"></div><div>Amoonguss used <strong>Clear Smog</strong>!</div><div><small>It doesn't affect the opposing Bad Ass the 3rd... </small></div><h2>Turn 330</h2><div class="spacer"></div><div>Noobab withdrew Bad Ass the 3rd <small>(Skarmory)</small>!</div><div class="spacer"></div><div>Noobab sent out King Zappy <small>(Zapdos)</small>!</div><div class="spacer"></div><div>Amoonguss, come back!</div><div class="spacer"></div><div>Go! Skarmory!</div><h2>Turn 331</h2><div class="spacer"></div><div>Noobab withdrew King Zappy <small>(Zapdos)</small>!</div><div class="spacer"></div><div>Noobab sent out Bad Ass the 3rd <small>(Skarmory)</small>!</div><div class="spacer"></div><div>Skarmory, come back!</div><div class="spacer"></div><div>Go! Sableye <small>(Sableye-Mega)</small>!</div><h2>Turn 332</h2><div class="spacer"></div><div>Noobab withdrew Bad Ass the 3rd <small>(Skarmory)</small>!</div><div class="spacer"></div><div>Noobab sent out King Zappy <small>(Zapdos)</small>!</div><div class="spacer"></div><div>Sableye, come back!</div><div class="spacer"></div><div>Go! Skarmory!</div><h2>Turn 333</h2><div class="chat message-error">Noobab has 120 seconds left.</div><div class="spacer"></div><div>Noobab withdrew King Zappy <small>(Zapdos)</small>!</div><div class="spacer"></div><div>Noobab sent out Bad Ass the 3rd <small>(Skarmory)</small>!</div><div class="spacer"></div><div>Skarmory used <strong>Stealth Rock</strong>!</div><div><small>Pointed stones float in the air around the opposing team!</small></div><h2>Turn 334</h2><div class="chat message-error">OUmodsRfags has 120 seconds left.</div><div class="spacer"></div><div>Skarmory used <strong>Spikes</strong>!</div><div><small>Spikes were scattered all around the feet of the opposing team!</small></div><div class="spacer"></div><div>The opposing Bad Ass the 3rd used <strong>Defog</strong>!</div><div><small>Skarmory's evasiveness fell! </small></div><div><small>The spikes disappeared from around the opposing team's feet!</small></div><div><small>The pointed stones disappeared from around the opposing team!</small></div><h2>Turn 335</h2><div class="chat"><small>OHKOavery joined.</small></div><div class="spacer"></div><div>Noobab withdrew Bad Ass the 3rd <small>(Skarmory)</small>!</div><div class="spacer"></div><div>Noobab sent out King Zappy <small>(Zapdos)</small>!</div><div class="spacer"></div><div>Skarmory, come back!</div><div class="spacer"></div><div>Go! Sableye <small>(Sableye-Mega)</small>!</div><h2>Turn 336</h2><div class="chat"><small>CaptainSaturn joined.</small></div><div class="spacer"></div><div>Noobab withdrew King Zappy <small>(Zapdos)</small>!</div><div class="spacer"></div><div>Noobab sent out Bad Ass the 3rd <small>(Skarmory)</small>!</div><div class="spacer"></div><div>Sableye, come back!</div><div class="spacer"></div><div>Go! Amoonguss!</div><h2>Turn 337</h2><div class="chat"><small>OHKOavery left.</small></div><div class="spacer"></div><div>Noobab withdrew Bad Ass the 3rd <small>(Skarmory)</small>!</div><div class="spacer"></div><div>Noobab sent out I'm Sexy AF <small>(Clefable)</small>!</div><div class="spacer"></div><div>Amoonguss used <strong>Clear Smog</strong>!</div><div><small>It's super effective! </small><small>The opposing I'm Sexy AF lost 23% of its health!</small><br></div><div><small>The opposing I'm Sexy AF's stat changes were removed!</small></div><div class="spacer"></div><div><small>The opposing I'm Sexy AF restored a little HP using its Leftovers!</small></div><h2>Turn 338</h2><div class="chat"><small>CaptainSaturn left.</small></div><div class="chat"><small>Gangarli joined.</small></div><div class="chat message-error">OUmodsRfags has 120 seconds left.</div><div class="spacer"></div><div>Noobab withdrew I'm Sexy AF <small>(Clefable)</small>!</div><div class="spacer"></div><div>Noobab sent out King Zappy <small>(Zapdos)</small>!</div><div class="spacer"></div><div>Amoonguss, come back!</div><div class="spacer"></div><div>Go! Alomomola!</div><h2>Turn 339</h2><div class="chat"><small>Bionicbacca joined.</small></div><div class="chat"><small>Xsage93 joined.</small></div><div class="chat"><small>Ransei joined.</small></div><div class="spacer"></div><div>Noobab withdrew King Zappy <small>(Zapdos)</small>!</div><div class="spacer"></div><div>Noobab sent out I'm Sexy AF <small>(Clefable)</small>!</div><div class="spacer"></div><div>Alomomola used <strong>Toxic</strong>!</div><div><small>The opposing I'm Sexy AF was badly poisoned!</small></div><div class="spacer"></div><div><small>The opposing I'm Sexy AF restored a little HP using its Leftovers!</small></div><div><small>The opposing I'm Sexy AF was hurt by poison!</small></div><h2>Turn 340</h2><div class="chat"><small>Valkyrion Mag joined.</small></div><div class="chat chatmessage-gangarli"><strong style="color:hsl(170,73%,42%);"><small> </small><span class="username" data-name="Gangarli">Gangarli</span>:</strong> <em>25 years later</em></div><div class="chat"><small>Ransei left.</small></div><div class="spacer"></div><div>Noobab withdrew I'm Sexy AF <small>(Clefable)</small>!</div><div class="spacer"></div><div>Noobab sent out King Zappy <small>(Zapdos)</small>!</div><div class="spacer"></div><div>Alomomola, come back!</div><div class="spacer"></div><div>Go! Skarmory!</div><h2>Turn 341</h2><div class="chat"><small>Meteorofdoom joined.</small></div><div class="chat chatmessage-xsage93"><strong style="color:hsl(234,35.4008376%,52.4008376%);"><small> </small><span class="username" data-name="Xsage93">Xsage93</span>:</strong> <em>:^)</em></div><div class="chat"><small>MyLittleKeldeo joined.</small></div><div class="chat"><small>Gangarli left.</small></div><div class="chat"><small>Lily Demon joined.</small></div><div class="chat message-error">Noobab has 120 seconds left.</div><div class="chat"><small>The Original Hero joined.</small></div><div class="chat chatmessage-valkyrionmag"><strong style="color:hsl(61,60.248951999999996%,39.751048000000004%);"><small> </small><span class="username" data-name="Valkyrion Mag">Valkyrion Mag</span>:</strong> <em>Thisll be a pokemon battle of two centuries, lol.</em></div><div class="chat message-error">Noobab has 90 seconds left.</div><div class="spacer"></div><div>Noobab withdrew King Zappy <small>(Zapdos)</small>!</div><div class="spacer"></div><div>Noobab sent out Bad Ass the 3rd <small>(Skarmory)</small>!</div><div class="spacer"></div><div>Skarmory, come back!</div><div class="spacer"></div><div>Go! Quagsire!</div><h2>Turn 342</h2><div class="chat chatmessage-theoriginalhero"><strong style="color:hsl(293,74.89623466666666%,54.89623466666666%);"><small> </small><span class="username" data-name="The Original Hero">The Original Hero</span>:</strong> <em>Fucking Stall</em></div><div class="chat"><small>Meteorofdoom left.</small></div><div class="spacer"></div><div>Noobab withdrew Bad Ass the 3rd <small>(Skarmory)</small>!</div><div class="spacer"></div><div>Noobab sent out King Zappy <small>(Zapdos)</small>!</div><div class="spacer"></div><div>Quagsire, come back!</div><div class="spacer"></div><div>Go! Skarmory!</div><h2>Turn 343</h2><div class="spacer"></div><div>Noobab withdrew King Zappy <small>(Zapdos)</small>!</div><div class="spacer"></div><div>Noobab sent out Bad Ass the 3rd <small>(Skarmory)</small>!</div><div class="spacer"></div><div>Skarmory used <strong>Stealth Rock</strong>!</div><div><small>Pointed stones float in the air around the opposing team!</small></div><h2>Turn 344</h2><div class="chat chatmessage-tabl"><strong style="color:hsl(106,75.5088208%,42.4911792%);"><small> </small><span class="username" data-name="tabl">tabl</span>:</strong> <em>Pu stall&gt;Ou stall</em></div><div class="spacer"></div><div>Skarmory used <strong>Spikes</strong>!</div><div><small>Spikes were scattered all around the feet of the opposing team!</small></div><div class="spacer"></div><div>The opposing Bad Ass the 3rd used <strong>Whirlwind</strong>!</div><div class="spacer"></div><div>Amoonguss was dragged out!</div><h2>Turn 345</h2><div class="spacer"></div><div>Amoonguss, come back!</div><div class="spacer"></div><div>Go! Skarmory!</div><div class="spacer"></div><div>The opposing Bad Ass the 3rd used <strong>Defog</strong>!</div><div><small>Skarmory's evasiveness fell! </small></div><div><small>The spikes disappeared from around the opposing team's feet!</small></div><div><small>The pointed stones disappeared from around the opposing team!</small></div><h2>Turn 346</h2><div class="chat chatmessage-xsage93"><strong style="color:hsl(234,35.4008376%,52.4008376%);"><small> </small><span class="username" data-name="Xsage93">Xsage93</span>:</strong> <em>Tropius stalls lol</em></div><div class="spacer"></div><div>Skarmory, come back!</div><div class="spacer"></div><div>Go! Sableye <small>(Sableye-Mega)</small>!</div><div class="spacer"></div><div>Noobab withdrew Bad Ass the 3rd <small>(Skarmory)</small>!</div><div class="spacer"></div><div>Noobab sent out Creepy Mofo <small>(Sableye-Mega)</small>!</div><div class="spacer"></div><div><small>The opposing Creepy Mofo was hurt by its burn!</small></div><h2>Turn 347</h2><div class="spacer"></div><div>Noobab withdrew Creepy Mofo <small>(Sableye-Mega)</small>!</div><div class="spacer"></div><div>Noobab sent out King Zappy <small>(Zapdos)</small>!</div><div class="spacer"></div><div>Sableye, come back!</div><div class="spacer"></div><div>Go! Skarmory!</div><h2>Turn 348</h2><div class="chat chatmessage-tabl"><strong style="color:hsl(106,75.5088208%,42.4911792%);"><small> </small><span class="username" data-name="tabl">tabl</span>:</strong> <em>the good thing about pu stall is Facade Raticate just kills it</em></div><div class="spacer"></div><div>Skarmory, come back!</div><div class="spacer"></div><div>Go! Amoonguss!</div><div class="spacer"></div><div>The opposing King Zappy used <strong>Volt Switch</strong>!</div><div><small>It's not very effective... </small><small>Amoonguss lost 9% of its health!</small><br></div><div class="spacer"></div><div>The opposing King Zappy went back to Noobab!</div><div class="spacer"></div><div>Noobab sent out Bad Ass the 3rd <small>(Skarmory)</small>!</div><h2>Turn 349</h2><div class="chat chatmessage-noobab"><strong style="color:hsl(187,78%,40%);"><small>★</small><span class="username" data-name="Noobab">Noobab</span>:</strong> <em>really?</em></div><div class="spacer"></div><div>Noobab withdrew Bad Ass the 3rd <small>(Skarmory)</small>!</div><div class="spacer"></div><div>Noobab sent out King Zappy <small>(Zapdos)</small>!</div><div class="spacer"></div><div>Amoonguss, come back!</div><div class="spacer"></div><div>Go! Skarmory!</div><h2>Turn 350</h2><div class="spacer"></div><div>Noobab withdrew King Zappy <small>(Zapdos)</small>!</div><div class="spacer"></div><div>Noobab sent out Bad Ass the 3rd <small>(Skarmory)</small>!</div><div class="spacer"></div><div>Skarmory, come back!</div><div class="spacer"></div><div>Go! Amoonguss!</div><h2>Turn 351</h2><div class="chat chatmessage-tabl"><strong style="color:hsl(106,75.5088208%,42.4911792%);"><small> </small><span class="username" data-name="tabl">tabl</span>:</strong> <em>on my alt I used a team centered around facade raticate</em></div><div class="chat chatmessage-tabl"><strong style="color:hsl(106,75.5088208%,42.4911792%);"><small> </small><span class="username" data-name="tabl">tabl</span>:</strong> <em>it got me to 1540</em></div><div class="chat"><small>The Original Hero left.</small></div><div class="chat chatmessage-noobab"><strong style="color:hsl(187,78%,40%);"><small>★</small><span class="username" data-name="Noobab">Noobab</span>:</strong> <em>not bad</em></div><div class="chat chatmessage-tabl"><strong style="color:hsl(106,75.5088208%,42.4911792%);"><small> </small><span class="username" data-name="tabl">tabl</span>:</strong> <em>then I added floatzel and it got me to 1594</em></div><div class="spacer"></div><div>Noobab withdrew Bad Ass the 3rd <small>(Skarmory)</small>!</div><div class="spacer"></div><div>Noobab sent out King Zappy <small>(Zapdos)</small>!</div><div class="spacer"></div><div>Amoonguss, come back!</div><div class="spacer"></div><div>Go! Sableye <small>(Sableye-Mega)</small>!</div><h2>Turn 352</h2><div class="chat chatmessage-noobab"><strong style="color:hsl(187,78%,40%);"><small>★</small><span class="username" data-name="Noobab">Noobab</span>:</strong> <em>damn son</em></div><div class="chat chatmessage-tabl"><strong style="color:hsl(106,75.5088208%,42.4911792%);"><small> </small><span class="username" data-name="tabl">tabl</span>:</strong> <em>but I tried a top 10 ladder run and lost lots of rating lol</em></div><div class="chat chatmessage-tabl"><strong style="color:hsl(106,75.5088208%,42.4911792%);"><small> </small><span class="username" data-name="tabl">tabl</span>:</strong> <em>like I told you earlier</em></div><div class="spacer"></div><div>Sableye, come back!</div><div class="spacer"></div><div>Go! Amoonguss!</div><div class="spacer"></div><div>The opposing King Zappy used <strong>Rest</strong>!</div><div><small>The opposing King Zappy fell asleep!</small></div><div><small>The opposing King Zappy slept and became healthy!</small></div><h2>Turn 353</h2><div class="spacer"></div><div>Noobab withdrew King Zappy <small>(Zapdos)</small>!</div><div class="spacer"></div><div>Noobab sent out Bad Ass the 3rd <small>(Skarmory)</small>!</div><div class="spacer"></div><div>Amoonguss, come back!</div><div class="spacer"></div><div>Go! Skarmory!</div><h2>Turn 354</h2><div class="chat chatmessage-xsage93"><strong style="color:hsl(234,35.4008376%,52.4008376%);"><small> </small><span class="username" data-name="Xsage93">Xsage93</span>:</strong> <em>tabl, try for the 2000 dream?</em></div><div class="chat chatmessage-tabl"><strong style="color:hsl(106,75.5088208%,42.4911792%);"><small> </small><span class="username" data-name="tabl">tabl</span>:</strong> <em>pu doesn't even go to 1800s</em></div><div class="spacer"></div><div>Skarmory, come back!</div><div class="spacer"></div><div>Go! Sableye <small>(Sableye-Mega)</small>!</div><div class="spacer"></div><div>Noobab withdrew Bad Ass the 3rd <small>(Skarmory)</small>!</div><div class="spacer"></div><div>Noobab sent out I'm Sexy AF <small>(Clefable)</small>!</div><div class="spacer"></div><div><small>The opposing I'm Sexy AF restored a little HP using its Leftovers!</small></div><div><small>The opposing I'm Sexy AF was hurt by poison!</small></div><h2>Turn 355</h2><div class="chat chatmessage-tabl"><strong style="color:hsl(106,75.5088208%,42.4911792%);"><small> </small><span class="username" data-name="tabl">tabl</span>:</strong> <em>having 1500s in pu is already very good I think</em></div><div class="spacer"></div><div>Noobab withdrew I'm Sexy AF <small>(Clefable)</small>!</div><div class="spacer"></div><div>Noobab sent out King Zappy <small>(Zapdos)</small>!</div><div class="spacer"></div><div>Sableye used <strong>Knock Off</strong>!</div><div><small>The opposing King Zappy lost 20% of its health!</small><br></div><h2>Turn 356</h2><div class="chat chatmessage-tabl"><strong style="color:hsl(106,75.5088208%,42.4911792%);"><small> </small><span class="username" data-name="tabl">tabl</span>:</strong> <em>2000s is pretty much impossible right now :(</em></div><div class="chat chatmessage-xsage93"><strong style="color:hsl(234,35.4008376%,52.4008376%);"><small> </small><span class="username" data-name="Xsage93">Xsage93</span>:</strong> <em>rip</em></div><div class="spacer"></div><div>Sableye, come back!</div><div class="spacer"></div><div>Go! Skarmory!</div><div class="spacer"></div><div>The opposing King Zappy is fast asleep.</div><h2>Turn 357</h2><div class="chat chatmessage-noobab"><strong style="color:hsl(187,78%,40%);"><small>★</small><span class="username" data-name="Noobab">Noobab</span>:</strong> <em>why is 2000 impossible?</em></div><div class="chat chatmessage-xsage93"><strong style="color:hsl(234,35.4008376%,52.4008376%);"><small> </small><span class="username" data-name="Xsage93">Xsage93</span>:</strong> <em>Not enough ppl, I guess.</em></div><div class="spacer"></div><div>Noobab withdrew King Zappy <small>(Zapdos)</small>!</div><div class="spacer"></div><div>Noobab sent out I'm Sexy AF <small>(Clefable)</small>!</div><div class="spacer"></div><div>Skarmory used <strong>Stealth Rock</strong>!</div><div><small>Pointed stones float in the air around the opposing team!</small></div><div class="spacer"></div><div><small>The opposing I'm Sexy AF restored a little HP using its Leftovers!</small></div><div><small>The opposing I'm Sexy AF was hurt by poison!</small></div><h2>Turn 358</h2><div class="chat chatmessage-tabl"><strong style="color:hsl(106,75.5088208%,42.4911792%);"><small> </small><span class="username" data-name="tabl">tabl</span>:</strong> <em>if you check pu ladder, top players are 1700s</em></div><div class="spacer"></div><div>Skarmory, come back!</div><div class="spacer"></div><div>Go! Quagsire!</div><div class="spacer"></div><div>The opposing I'm Sexy AF used <strong>Heal Bell</strong>!</div><div><small>A bell chimed!</small></div><div><small>The opposing I'm Sexy AF was cured of its poisoning.</small></div><div><small>The opposing Creepy Mofo healed its burn!</small></div><div><small>The opposing King Zappy woke up!</small></div><div class="spacer"></div><div><small>The opposing I'm Sexy AF restored a little HP using its Leftovers!</small></div><h2>Turn 359</h2><div class="chat chatmessage-jskingboo mine"><strong style="color:hsl(182,53%,37%);"><small> </small><span class="username" data-name="JsKingBoo">JsKingBoo</span>:</strong> <em>OUmodsRfags winning the hazard war HARD</em></div><div class="chat chatmessage-noobab"><strong style="color:hsl(187,78%,40%);"><small>★</small><span class="username" data-name="Noobab">Noobab</span>:</strong> <em>nah man</em></div><div class="chat chatmessage-noobab"><strong style="color:hsl(187,78%,40%);"><small>★</small><span class="username" data-name="Noobab">Noobab</span>:</strong> <em>not even close</em></div><div class="chat message-error">OUmodsRfags has 120 seconds left.</div><div class="spacer"></div><div>Noobab withdrew I'm Sexy AF <small>(Clefable)</small>!</div><div class="spacer"></div><div>Noobab sent out King Zappy <small>(Zapdos)</small>!</div><div><small>Pointed stones dug into the opposing King Zappy!</small></div><div class="spacer"></div><div>Quagsire used <strong>Scald</strong>!</div><div><small>The opposing King Zappy lost 13% of its health!</small><br></div><h2>Turn 360</h2><div class="chat chatmessage-jskingboo mine"><strong style="color:hsl(182,53%,37%);"><small> </small><span class="username" data-name="JsKingBoo">JsKingBoo</span>:</strong> <em>he has more defogs than u do</em></div><div class="spacer"></div><div>Noobab withdrew King Zappy <small>(Zapdos)</small>!</div><div class="spacer"></div><div>Noobab sent out Bad Ass the 3rd <small>(Skarmory)</small>!</div><div><small>Pointed stones dug into the opposing Bad Ass the 3rd!</small></div><div class="spacer"></div><div>Quagsire used <strong>Scald</strong>!</div><div><small>The opposing Bad Ass the 3rd lost 29% of its health!</small><br></div><div><small>The opposing Bad Ass the 3rd was burned!</small></div><div class="spacer"></div><div><small>The opposing Bad Ass the 3rd was hurt by its burn!</small></div><h2>Turn 361</h2><div class="spacer"></div><div>The opposing Bad Ass the 3rd used <strong>Defog</strong>!</div><div><small>Quagsire's evasiveness fell! </small></div><div><small>The pointed stones disappeared from around the opposing team!</small></div><div class="spacer"></div><div>Quagsire used <strong>Scald</strong>!</div><div><small>The opposing Bad Ass the 3rd lost 26% of its health!</small><br></div><div class="spacer"></div><div><small>The opposing Bad Ass the 3rd was hurt by its burn!</small></div><h2>Turn 362</h2><div class="spacer"></div><div>Noobab withdrew Bad Ass the 3rd <small>(Skarmory)</small>!</div><div class="spacer"></div><div>Noobab sent out I'm Sexy AF <small>(Clefable)</small>!</div><div class="spacer"></div><div>Quagsire used <strong>Scald</strong>!</div><div><small>The opposing I'm Sexy AF lost 14% of its health!</small><br></div><div><small>The opposing I'm Sexy AF was burned!</small></div><div class="spacer"></div><div><small>The opposing I'm Sexy AF restored a little HP using its Leftovers!</small></div><div><small>The opposing I'm Sexy AF was hurt by its burn!</small></div><h2>Turn 363</h2><div class="spacer"></div><div>Noobab withdrew I'm Sexy AF <small>(Clefable)</small>!</div><div class="spacer"></div><div>Noobab sent out Chan C Da Fan C <small>(Chansey)</small>!</div><div class="spacer"></div><div>Quagsire, come back!</div><div class="spacer"></div><div>Go! Skarmory!</div><h2>Turn 364</h2><div class="spacer"></div><div>Skarmory used <strong>Stealth Rock</strong>!</div><div><small>Pointed stones float in the air around the opposing team!</small></div><div class="spacer"></div><div>The opposing Chan C Da Fan C used <strong>Wish</strong>!</div><h2>Turn 365</h2><div class="spacer"></div><div>Noobab withdrew Chan C Da Fan C <small>(Chansey)</small>!</div><div class="spacer"></div><div>Noobab sent out I'm Sexy AF <small>(Clefable)</small>!</div><div><small>Pointed stones dug into the opposing I'm Sexy AF!</small></div><div class="spacer"></div><div>Skarmory used <strong>Spikes</strong>!</div><div><small>Spikes were scattered all around the feet of the opposing team!</small></div><div class="spacer"></div><div><small>Chan C Da Fan C's wish came true!</small></div><div><small>The opposing I'm Sexy AF was hurt by its burn!</small></div><h2>Turn 366</h2><div class="chat chatmessage-tabl"><strong style="color:hsl(106,75.5088208%,42.4911792%);"><small> </small><span class="username" data-name="tabl">tabl</span>:</strong> <em>wow rip</em></div><div class="chat chatmessage-tabl"><strong style="color:hsl(106,75.5088208%,42.4911792%);"><small> </small><span class="username" data-name="tabl">tabl</span>:</strong> <em>gg</em></div><div class="chat chatmessage-jskingboo mine"><strong style="color:hsl(182,53%,37%);"><small> </small><span class="username" data-name="JsKingBoo">JsKingBoo</span>:</strong> <em>gg</em></div><div class="chat chatmessage-noobab"><strong style="color:hsl(187,78%,40%);"><small>★</small><span class="username" data-name="Noobab">Noobab</span>:</strong> <em>not yet</em></div><div class="chat chatmessage-jskingboo mine"><strong style="color:hsl(182,53%,37%);"><small> </small><span class="username" data-name="JsKingBoo">JsKingBoo</span>:</strong> <em>true</em></div><div class="chat message-error">OUmodsRfags has 120 seconds left.</div><div class="chat chatmessage-jskingboo mine"><strong style="color:hsl(182,53%,37%);"><small> </small><span class="username" data-name="JsKingBoo">JsKingBoo</span>:</strong> <em>it isn't over until the fat lady sings</em></div><div class="chat chatmessage-xsage93"><strong style="color:hsl(234,35.4008376%,52.4008376%);"><small> </small><span class="username" data-name="Xsage93">Xsage93</span>:</strong> <em>Just remember, Chansey = Lucky</em></div><div class="chat chatmessage-xsage93"><strong style="color:hsl(234,35.4008376%,52.4008376%);"><small> </small><span class="username" data-name="Xsage93">Xsage93</span>:</strong> <em>:^)</em></div><div class="spacer"></div><div>Skarmory, come back!</div><div class="spacer"></div><div>Go! Amoonguss!</div><div class="spacer"></div><div>The opposing I'm Sexy AF used <strong>Heal Bell</strong>!</div><div><small>A bell chimed!</small></div><div><small>The opposing I'm Sexy AF healed its burn!</small></div><div><small>The opposing Bad Ass the 3rd healed its burn!</small></div><div class="spacer"></div><div><small>The opposing I'm Sexy AF restored a little HP using its Leftovers!</small></div><h2>Turn 367</h2><div class="chat chatmessage-jskingboo mine"><strong style="color:hsl(182,53%,37%);"><small> </small><span class="username" data-name="JsKingBoo">JsKingBoo</span>:</strong> <em>skarm takes 12% from SR, IIRC</em></div><div class="spacer"></div><div>Noobab withdrew I'm Sexy AF <small>(Clefable)</small>!</div><div class="spacer"></div><div>Noobab sent out Chan C Da Fan C <small>(Chansey)</small>!</div><div><small>Pointed stones dug into the opposing Chan C Da Fan C!</small></div><div><small>The opposing Chan C Da Fan C is hurt by the spikes!</small></div><div class="spacer"></div><div>Amoonguss used <strong>Foul Play</strong>!</div><div><small>The opposing Chan C Da Fan C lost 1% of its health!</small><br></div><h2>Turn 368</h2><div class="spacer"></div><div>Amoonguss, come back!</div><div class="spacer"></div><div>Go! Sableye <small>(Sableye-Mega)</small>!</div><div class="spacer"></div><div>The opposing Chan C Da Fan C used <strong>Stealth Rock</strong>!</div><div><small>[Sableye's Magic Bounce!]</small></div><div>Sableye bounced the Stealth Rock back!</div><div><small>But it failed!</small></div><h2>Turn 369</h2><div class="spacer"></div><div>The opposing Chan C Da Fan C used <strong>Stealth Rock</strong>!</div><div><small>[Sableye's Magic Bounce!]</small></div><div>Sableye bounced the Stealth Rock back!</div><div><small>But it failed!</small></div><div class="spacer"></div><div>Sableye used <strong>Knock Off</strong>!</div><div><small>The opposing Chan C Da Fan C lost 18% of its health!</small><br></div><div><small>Sableye knocked off the opposing Chan C Da Fan C's Eviolite!</small></div><h2>Turn 370</h2><div class="spacer"></div><div>The opposing Chan C Da Fan C used <strong>Soft-Boiled</strong>!</div><div><small>The opposing Chan C Da Fan C restored its HP.</small></div><div class="spacer"></div><div>Sableye used <strong>Toxic</strong>!</div><div><small>The opposing Chan C Da Fan C was badly poisoned!</small></div><div class="spacer"></div><div><small>The opposing Chan C Da Fan C was hurt by poison!</small></div><h2>Turn 371</h2><div class="chat chatmessage-zigzagoon14"><strong style="color:hsl(233,44.103629600000005%,53.103629600000005%);"><small> </small><span class="username" data-name="Zigzagoon 14">Zigzagoon 14</span>:</strong> <em>oh shit turn 369</em></div><div class="spacer"></div><div><small>(The opposing Chan C Da Fan C's Natural Cure activated!)</small></div><div class="spacer"></div><div>Noobab withdrew Chan C Da Fan C <small>(Chansey)</small>!</div><div class="spacer"></div><div>Noobab sent out King Zappy <small>(Zapdos)</small>!</div><div><small>Pointed stones dug into the opposing King Zappy!</small></div><div class="spacer"></div><div>Sableye used <strong>Knock Off</strong>!</div><div><small>The opposing King Zappy lost 17% of its health!</small><br></div><div class="spacer"></div><div>The opposing King Zappy fainted!</div><div class="chat chatmessage-zigzagoon14"><strong style="color:hsl(233,44.103629600000005%,53.103629600000005%);"><small> </small><span class="username" data-name="Zigzagoon 14">Zigzagoon 14</span>:</strong> <em>YUGE</em></div><div class="chat chatmessage-noobab"><strong style="color:hsl(187,78%,40%);"><small>★</small><span class="username" data-name="Noobab">Noobab</span>:</strong> <em>gg</em></div><div class="chat chatmessage-jskingboo mine"><strong style="color:hsl(182,53%,37%);"><small> </small><span class="username" data-name="JsKingBoo">JsKingBoo</span>:</strong> <em>if it wasn't gg before</em></div><div class="chat chatmessage-noobab"><strong style="color:hsl(187,78%,40%);"><small>★</small><span class="username" data-name="Noobab">Noobab</span>:</strong> <em>i fucked up</em></div><div class="chat chatmessage-jskingboo mine"><strong style="color:hsl(182,53%,37%);"><small> </small><span class="username" data-name="JsKingBoo">JsKingBoo</span>:</strong> <em>it's GG now</em></div><div class="spacer"></div><div><small>Noobab forfeited.</small></div><div class="spacer"></div><div>OUmodsRfags won the battle!</div><div class="chat">Ladder updating...</div><div class="chat"><small>Noobab left.</small></div><div class="chat message-error">Player 2 disconnected and has a minute to reconnect!</div><div class="chat">Ladder (probably) updated, but score could not be retrieved (Response not received).</div><div class="chat"><small>Xsage93 left.</small></div><div class="chat"><small>Cracticus♬ left.</small></div></div></div>
</div>
<script>
var daily = Math.floor(Date.now()/1000/60/60/24);document.write('<script src="https://play.pokemonshowdown.com/js/replay-embed.js?version'+daily+'"></'+'script>');
</script>
